3325 5134
427 314 519 380 xii
1319 307 1845 376 PRAEFATIO.

427 489 757 580 haverat,
809 493 902 563 ut
945 473 1376 588 apographo
1432 472 1920 561 Monroniano
1972 471 2245 586 passim
2298 472 2738 562 correctiun-

427 605 630 683 cula-s
693 613 1054 706 notasque
1139 603 1428 681 criticas
1511 601 1980 695 adscriberet,
2050 603 2401 705 pleraque
2482 613 2736 680 tamen

429 723 681 799 omnia
745 723 826 796 in
891 721 1232 798 futurum
1289 721 1847 822 purgandarum
1906 720 2372 823 plagulamm
2439 731 2746 822 tempus

429 867 782 942 seponere
816 839 1093 928 mallet,
1128 865 1297 914 cum
1343 837 1596 915 subita
1628 847 1867 915 morte
1910 839 2242 916 decessit.
2348 837 2735 940 Exponam

429 985 561 1036 cur
610 957 691 1032 in
739 957 981 1033 locum
1034 953 1410 1032 Dindorfii
1469 983 1606 1058 ego
1662 957 2151 1032 successerim.
2256 956 2445 1032 Cum
2494 982 2737 1058 gram-

429 1074 866 1152 maticorum
918 1073 1399 1176 quorundam,
1435 1099 1620 1174 quos
1672 1083 1752 1149 et
1801 1073 2079 1148 scholia
2129 1073 2387 1151 Iliadis
2436 1076 2509 1150 A
2547 1073 2609 1148 B
2644 1073 2732 1164 V,

431 1194 824 1295 praecipue
858 1201 1108 1268 tamen
1142 1191 1232 1282 A,
1271 1199 1351 1266 et
1382 1191 1995 1291 homonymorum
2045 1190 2321 1267 indices
2358 1191 2737 1266 Laertiani

429 1319 1022 1398 commemorant,
1081 1317 1406 1384 aetatem
1461 1307 1847 1384 definirem
1871 1317 1893 1355 ¹
1948 1317 2024 1384 et
2083 1308 2499 1401 nonnullos,
2549 1335 2735 1410 quos

434 1455 570 1529 per
618 1427 1022 1528 Didymum
1075 1425 1152 1500 in
1203 1425 1569 1501 Venetum
1623 1426 1691 1499 A
1742 1426 2159 1526 pervenisse
2209 1435 2515 1527 propter
2564 1426 2737 1502 sub-

431 1544 868 1645 scriptiones
935 1543 1098 1619 illas
1165 1543 1392 1644 vulgo
1459 1542 1902 1632 crederetur,
1959 1543 2343 1644 aliquanto
2415 1543 2737 1645 Didymo

433 1663 662 1738 fuisse
711 1662 1150 1763 posteriores
1183 1659 1741 1762 perspexissem,
1776 1660 2291 1736 confirmatum
2339 1661 2499 1736 vidi
2538 1663 2740 1762 quod

433 1779 618 1856 alias
676 1777 770 1855 ob
828 1805 1085 1854 causas
1142 1778 1291 1854 iam
1351 1777 1482 1853 alii
1539 1778 2003 1854 coniecerant
2020 1786 2067 1867 ²,
2126 1805 2294 1854 cum
2354 1786 2747 1880 quattuor·

431 1896 760 1972 virorum
832 1895 1356 2002 commentario
1437 1894 2095 1997 subscriptionibus
2160 1897 2309 1972 iam
2374 1898 2739 1974 instructo

434 2023 612 2090 ante
666 2014 1034 2091 Venetum
1084 2014 1151 2088 A
1209 2041 1360 2090 non
1425 2013 1665 2089 solum
1720 2013 2083 2115 quaedam
2140 2014 2510 2091 inferioris
2574 2016 2739 2090 aevi

435 2141 784 2232 excerpta
847 2131 1358 2233 glossematica
1426 2129 1919 2231 etymologica
1984 2132 2420 2208 zetematica
2477 2159 2738 2208 verum

433 2249 615 2344 alios
665 2275 764 2349 qu
772 2275 961 2348 oque
1013 2249 1593 2337 commentarios,
1628 2259 1827 2323 certe
1878 2247 2081 2336 duos,
2116 2246 2196 2322 in
2248 2249 2519 2348 quibus
2570 2276 2739 2324 cum

433 2364 1075 2465 interpretationis
1142 2371 1309 2440 tum
1377 2365 1584 2441 crisis
1655 2365 2085 2440 Homericae
2163 2365 2737 2468 criticorumque

436 2481 712 2558 saeculi
760 2509 831 2582 p.
899 2482 1073 2584 Chr.
1133 2482 1354 2583 primi
1413 2482 1605 2558 ratio
1673 2480 2092 2571 haberetur,
2162 2509 2318 2557 esse
2378 2485 2737 2561 confusos.

439 2597 674 2675 Cuius
710 2600 1004 2700 generis
1039 2601 1265 2676 etiam
1299 2601 1378 2675 in
1401 2599 1468 2674 B
1495 2599 1563 2675 V
1586 2627 1737 2676 non
1769 2599 1988 2675 modo
2016 2600 2335 2701 vestigia
2365 2600 2499 2678 sed
2524 2609 2741 2678 vasta

435 2715 676 2792 inesse
736 2726 1085 2818 excerpta
1145 2715 1500 2792 intellexi.
1627 2715 1898 2817 Itaque
1965 2717 2308 2793 absoluto
2373 2716 2738 2794 Dindorfii

435 2831 720 2912 Veneto
769 2833 855 2925 B,
893 2843 982 2909 ut
1025 2834 1189 2910 aliis
1240 2833 1439 2910 idem
1481 2833 1879 2934 aliquando
1927 2833 2519 2934 persuaderetur,
2554 2837 2741 2912 nihil

437 2952 624 3027 duxi
657 2952 1038 3052 antiquius
1068 2978 1292 3053 quam
1327 2951 1601 3028 iustam
1637 2949 2141 3053 Townleyani,
2176 2977 2395 3054 quem
2446 2953 2751 3030 scholiis·

438 3068 506 3144 B
531 3095 750 3171 saepe
775 3076 1146 3170 praestare
1180 3069 1626 3145 Roemerus⁸
1652 3069 2310 3162 demonstraverat,
2339 3071 2742 3148 editionem

437 3187 706 3287 parari.
833 3185 1046 3272 Adde
1101 3186 1303 3287 quod
1362 3214 1619 3264 censor
1672 3187 1977 3289 quidam
2028 3215 2275 3265 meum
2326 3188 2421 3264 de
2469 3186 2741 3266 Veneti

437 3305 514 3380 A
563 3303 1090 3405 compositione
1142 3303 1499 3380 iudicium
1550 3331 1719 3380 cum
1777 3307 2237 3404 argumentis
2288 3331 2437 3379 non
2488 3314 2742 3406 posset

437 3419 820 3497 clamando
881 3421 1273 3522 profligare
1331 3421 1699 3496 laboravit
1749 3420 2062 3521 aliisque
2111 3420 2487 3521 imposuit.
2594 3420 2668 3494 N
2670 3449 2739 3495 e-

439 3539 758 3616 sciebam
807 3545 972 3613 tum
1025 3537 1250 3638 quod·
1275 3565 1518 3639 nuper
1562 3536 1824 3638 peritis
1872 3537 2181 3636 probavi
2199 3545 2246 3625 ⁴,
2282 3535 2597 3612 alterum
2644 3563 2739 3612 ex

437 3655 559 3730 his
585 3681 768 3756 quos
802 3654 961 3729 dixi
993 3653 1534 3730 commentariis
1566 3654 1710 3730 etsi
1742 3662 2200 3729 contractum
2224 3653 2487 3729 misere
2514 3663 2591 3729 et
2616 3653 2740 3730 de-

437 3778 814 3848 curtatum
867 3771 946 3847 in
997 3771 1286 3846 scholiis
1338 3770 1406 3845 D
1460 3771 1883 3847 etiamnunc
1932 3771 2207 3846 servari
2242 3799 2257 3847 τ
2330 3770 2425 3846 cf.
2481 3771 2737 3849 Herm.

439 3889 628 3966 XIX
664 3887 924 3990 (1884)
963 3917 1034 3990 p.
1078 3911 1220 3984 559
1247 3914 1408 3990 sqq.
1513 3888 1726 3982 Quae
1762 3897 1941 3963 tunc
1990 3886 2336 3988 ignorans
2370 3913 2659 3965 omnem
2694 3917 2741 3966 a

519 4107 542 4144 ²
576 4107 668 4169 De
708 4105 1049 4187 biographis
1088 4104 1312 4187 graecis
1344 4105 1715 4186 quaestiones
1755 4106 2003 4168 selectae
2030 4105 2479 4188 (Philologische
2514 4109 2739 4171 Unter-

437 4190 778 4268 suchungen
805 4192 1072 4267 herausg.
1100 4209 1155 4250 v.
1187 4189 1488 4268 Kiessling
1523 4189 1648 4249 und
1675 4209 1731 4250 v.
1762 4189 2603 4253 Wilamowitz-Moellendorff
2636 4193 2740 4254 III

437 4293 494 4351 p·
520 4274 774 4414 9332}
797 4353 1124 4413 Beccardus
1153 4352 1196 4434 (‘
1213 4353 1286 4413 de
1329 4351 1564 4414 scholiis
1605 4353 1669 4413 in
1713 4353 1959 4414 Homeri
2000 4355 2249 4416 Iliadem
2278 4355 2526 4418 Venetis
2542 4357 2555 4381 ’
2598 4355 2743 4416 diss.

438 4435 628 4496 Berol.
665 4435 846 4517 1850)
873 4441 935 4496 et
961 4435 1460 4496 Wilamowitzius.

521 4519 542 4552 ⁸
585 4517 699 4577 Die
726 4517 1131 4596 exegetischen
1161 4519 1432 4579 Scholien
1460 4519 1565 4580 der
1593 4518 1737 4579 Ilias
1765 4518 1845 4578 im
1873 4519 2018 4580 Ven.
2048 4520 2115 4583 B.

519 4601 544 4634 ⁴
586 4601 674 4661 Cf.
710 4600 1000 4662 Schrader
1027 4601 1229 4661 Herm.
1266 4601 1387 4661 XX
1417 4599 1629 4682 (1885)
1658 4623 1717 4681 p.
1748 4603 1865 4679 396
1885 4623 2008 4680 sqq.
