3325 5134
615 326 778 394 xviii
1509 322 2035 390 PRAEFATIO.

1702 656 1853 732 III.

721 835 882 938 Ego
942 834 1318 934 integram
1389 831 1833 908 scholiorum
1886 832 1971 906 in
2029 831 2338 908 Iliadem
2408 829 2807 907 editionem
2868 833 2931 908 si

618 965 1018 1055 paraturus
1051 979 1286 1030 essem
1333 950 1554 1051 longe
1607 949 1828 1027 aliter
1862 957 2091 1052 atque
2146 948 2575 1026 Dindorfius
2624 948 2933 1025 institu-

620 1100 839 1151 erem.
939 1071 1319 1147 Veuetum
1390 1069 1693 1169 quidem
1749 1068 1816 1141 A
1878 1078 2182 1168 propter
2247 1066 2931 1167 quattuorvirorum

620 1201 970 1290 excerpta
1019 1186 1420 1287 separatim
1475 1212 1613 1286 ego
1674 1212 1968 1286 quoque
2021 1185 2485 1273 emitterem3
2558 1183 2932 1260 Venetum

619 1319 873 1383 tamen
895 1305 957 1380 B
995 1303 1200 1404 quod
1231 1304 1414 1378 item
1449 1329 1777 1378 seorsum
1802 1301 2268 1402 vulgandum
2294 1301 2599 1392 censuit,
2632 1299 2771 1376 hoc
2804 1300 2931 1376 ille

621 1450 790 1498 cum
859 1422 1124 1497 harum
1180 1420 1602 1495 litterarum
1670 1418 2117 1495 detrimento
2186 1419 2538 1520 peccavit.
2663 1418 2933 1494 Patere

621 1540 821 1615 enim
890 1537 1271 1613 Dindorfio
1349 1536 1611 1613 debuit
1683 1545 1763 1612 et
1835 1538 2091 1637 patuit
2165 1535 2278 1639 (II
2340 1564 2407 1636 p.
2466 1535 2581 1635 ix)
2647 1543 2930 1634 quanto

621 1656 1062 1732 scholiorum
1114 1681 1418 1730 numero
1470 1663 1789 1755 uterque
1838 1653 2067 1732 codex
2118 1681 2269 1730 non
2321 1680 2400 1728 re
2450 1659 2749 1729 tantum
2801 1653 2932 1728 sed

619 1773 866 1849 verbis
901 1798 1196 1874 quoque
1239 1781 1318 1847 et
1364 1771 1807 1872 corruptelis
1858 1779 2313 1873 congrueret,
2370 1779 2655 1872 quanta
2704 1769 2931 1845 etiam

621 1917 872 1968 eorum
920 1900 1117 1966 esset
1169 1889 1609 1990 frequentia,
1645 1890 1776 1965 ubi
1825 1892 2043 1966 modo
2096 1890 2159 1964 B
2210 1889 2427 1966 modo
2476 1889 2540 1964 Τ
2584 1887 2805 1989 plura
2853 1897 2933 1962 et

619 2008 924 2084 meliora
991 2016 1378 2098 servasset,
1449 2007 1776 2106 denique
1848 2034 2073 2107 quam
2158 2033 2377 2108 saepe
2442 2005 2721 2082 scholia
2788 2005 2933 2080 etsi

619 2126 904 2225 origine
940 2126 1236 2200 diversa
1270 2125 1531 2199 eadem
1581 2133 1834 2210 tamen
1885 2121 2152 2224 copula
2200 2149 2477 2198 conexa
2528 2123 2930 2221 utrobique

617 2240 1062 2340 legerentur.
1179 2239 1396 2313 Unde
1432 2237 1841 2313 communis
1876 2229 2325 2338 archetypus
2358 2236 2688 2314 efficitur.
2778 2239 2933 2329 Qui

619 2354 1006 2432 Dindorfio
1059 2354 1170 2429 ita
1218 2353 1691 2454 refingendus
1743 2363 1926 2443 erat,
1962 2361 2052 2428 ut
2085 2352 2717 2429 consentientibus
2749 2353 2816 2428 B
2850 2363 2929 2428 et

619 2475 684 2550 T
707 2473 789 2547 in
821 2471 1256 2547 universum
1291 2471 1352 2546 T
1381 2480 1644 2570 utpote
1675 2471 2289 2570 praestantiorem
2315 2472 2397 2546 in
2428 2481 2725 2547 textum
2749 2470 2929 2548 reci-

619 2594 828 2690 peret
878 2589 1234 2663 adnotata
1285 2613 1382 2664 ex
1415 2587 1480 2662 B
1520 2587 1854 2663 lectionis
1906 2586 2417 2689 discrepantia,
2453 2587 2586 2663 ubi
2618 2588 2818 2663 inter
2850 2615 2931 2664 se

621 2707 989 2782 distarent
1023 2705 1569 2808 supplerentve,
1595 2714 1999 2805 utrumque
2032 2714 2638 2807 repraesentaret.
2708 2703 2781 2780 N
2784 2731 2929 2781 unc

622 2824 973 2925 quoniam
998 2823 1291 2900 deserta
1322 2824 1461 2899 hac
1493 2832 1652 2899 tam
1686 2821 2095 2899 necessaria
2122 2849 2349 2924 quam
2382 2824 2690 2900 molesta
2714 2822 2929 2900 officii

621 2951 839 3042 parte
909 2941 1234 3018 codicem
1294 2941 1524 3016 fratre
1591 2939 1915 3042 gemello
1976 2941 2317 3018 orbatum
2384 2941 2664 3019 edidit:
2744 2941 2930 3042 quid

621 3059 809 3134 mihi
862 3059 1066 3135 aliud
1115 3058 1461 3134 relictum
1505 3067 1666 3156 erat
1712 3057 1859 3133 nisi
1891 3069 1983 3135 ut
2016 3059 2076 3134 T
2112 3058 2683 3136 submitterem?
2784 3059 2933 3135 Ad-

621 3175 884 3274 positis
945 3184 1196 3250 tamen
1251 3175 1480 3278 signis
1538 3177 1723 3252 meis
1771 3175 2302 3276 marginalibus
2354 3177 2633 3254 levasse
2682 3177 2932 3278 quoad

622 3292 842 3392 potui
880 3290 1020 3366 hoc
1053 3291 1256 3392 quod
1289 3293 1445 3367 dixi
1480 3292 2025 3368 incommodum
2058 3294 2242 3366 mihi
2276 3293 2550 3368 videor.

724 3407 852 3482 Ad
910 3409 1242 3484 codicum
1299 3408 1364 3483 B
1420 3409 1482 3482 T
1537 3409 2026 3508 archetypum
2084 3418 2433 3498 revertor,
2503 3407 2597 3484 de
2649 3435 2797 3510 quo
2852 3410 2931 3484 ni

621 3523 838 3598 fallor
897 3525 1350 3599 accuratiora
1409 3525 1579 3599 sciri
1632 3533 1965 3625 possunt.
2070 3523 2299 3601 Velut
2349 3523 2679 3600 dolemus
2728 3528 2937 3627 quod'

621 3638 721 3712 ad
773 3636 814 3711 I
863 3647 1258 3732 266—299
1313 3641 1374 3713 T
1404 3639 1637 3715 nulla
1686 3638 1961 3714 scholia
2011 3640 2363 3716 continet.
2466 3639 2740 3717 Casum
2794 3644 2931 3720 vix

623 3753 1096 3843 incusaverit,
1135 3755 1268 3854 qui
1301 3781 1390 3831 ea
1428 3757 1595 3855 ipsa
1637 3781 1830 3856 quae
1872 3756 2162 3855 copiose
2198 3765 2277 3832 et
2310 3756 2705 3858 diligenter
2735 3769 2828 3836 ut
2863 3761 2930 3837 B

621 3869 734 3942 ita
801 3870 862 3944 T
931 3871 1276 3946 exhibere
1345 3873 1753 3962 consuevit,
1826 3871 1989 3947 dico
2057 3899 2174 3948 res
2244 3875 2769 3976 geographicas
2852 3889 2932 3956 et

625 3983 1015 4076 fabulatos,
1074 3987 1291 4062 solito
1349 3988 1566 4087 plura
1622 3990 1703 4063 in
1770 3987 1909 4065 hac
1968 3991 2314 4068 carminis
2373 4003 2589 4093 parte
2644 3997 2930 4099 attingi
3071 4011 3079 4018 '

623 4102 1136 4180 consideravit.
1224 4103 1501 4179 Verum
1535 4105 1724 4180 nihil
1759 4107 1851 4181 de
1888 4108 2150 4184 Oreste
2184 4110 2517 4188 tribusve
2563 4114 2931 4190 sororibus

625 4215 1110 4318 (284—286),
1144 4219 1331 4293 nihil
1366 4220 1459 4295 de
1492 4233 1783 4323 septem
1832 4223 1984 4302 illis
2034 4227 2339 4304 urbibus
2389 4227 2485 4304 ad
2534 4230 2933 4308 sedandam

621 4335 936 4410 Achillis
969 4334 1156 4411 iram
1189 4336 1284 4411 ab
1319 4337 1871 4440 Agamemnone
1906 4344 2298 4421 destinatis
2326 4348 2708 4448 (290--29
2718 4349 2812 4449 5),
2842 4359 2933 4426 ut

621 4451 922 4526 mittam
971 4460 1232 4532 cetera,
1343 4455 1623 4534 Iisdem
1660 4460 1949 4538 scholiis
1994 4472 2194 4539 caret
2226 4465 2451 4540 etiam
2486 4466 2590 4541 B:
2636 4466 2933 4544 carebat

621 4566 858 4666 i'gitur
893 4567 1378 4674 archetypus:
1423 4575 1615 4652 'Iam
1651 4577 2019 4658 Venetum
2054 4581 2127 4656 A
2162 4579 2583 4684 inspicienti
2615 4583 2801 4662 nihil
2837 4611 2933 4666 ne
2968 4677 2974 4688 ¹
