3325 5134
551 321 662 384 xvi
1091 287 1096 290 ’
1445 316 1977 388 PRAEFATIO.

551 489 808 566 liastae
844 489 930 579 V,
966 490 1308 589 quamvis
1343 488 1633 590 perdito
1674 489 1997 588 quodam
2048 484 2558 588 corrumpendi
2610 511 2859 562 amore

548 605 724 682 eum
757 601 1105 708 flagrasse
1133 606 1532 692 dictitaret,
1559 615 1812 682 tamen
1839 631 1972 708 per
1992 613 2239 681 totum
2275 603 2547 680 librum
2566 601 2688 680 vel
2720 601 2860 678 soli

541 724 884 800 crederet
916 724 1376 826 saepissime:
1412 751 1508 800 en
1539 723 1689 798 viri
1722 722 2259 800 inconstantia!
2334 720 2440 797 Et
2462 719 2622 796 dixi
2654 719 2861 821 quod

551 867 812 916 verum
849 847 986 932 est,
1011 841 1498 918 Lehrsianum
1531 839 1722 917 fflud
1746 838 1866 916 vel
1898 840 2070 916 hinc
2100 841 2197 916 ab
2232 839 2396 940 ipso
2430 836 2859 914 Ludwichio

547 956 808 1034 refelli.
911 958 1074 1034 Hoc
1121 958 1247 1034 ille
1295 957 1723 1058 intellegere
1757 983 1908 1032 non
1944 957 2163 1049 valet,
2200 957 2333 1033 sed
2376 982 2595 1032 suum
2629 954 2859 1030 filisse

551 1075 886 1177 persistit
932 1075 1114 1152 testi
1163 1085 1184 1116 ‘
1205 1075 1480 1152 totiens
1527 1101 1612 1150 ac
1659 1082 1877 1151 tanto
1926 1100 2143 1175 opere
2194 1073 2531 1149 mendaci
2576 1080 2656 1147 et
2704 1097 2858 1148 ma·

551 1194 757 1295 ligno
816 1192 1023 1270 nullo
1082 1193 1485 1270 adiuvante
1537 1188 1775 1267 altero
1828 1190 2276 1292 aliquotiens
2324 1199 2581 1266 tamen
2629 1188 2857 1265 fidem

550 1310 821 1387 habere
843 1312 914 1388 ¹.’
977 1309 1176 1386 Mira
1195 1309 1375 1388 haee
1407 1309 1788 1410 cogitandi
1810 1310 2003 1385 ratio
2024 1316 2098 1386 ²:
2134 1307 2400 1383 dehinc
2432 1333 2655 1408 quem
2689 1307 2857 1407 quis

553 1429 956 1529 nonagiens
988 1427 1297 1504 noviens
1347 1453 1498 1502 11011
1545 1451 1723 1504 06611
1773 1425 1903 1502 sed
1936 1436 1954 1466 ‘
1980 1423 2285 1502 consilio
2334 1434 2415 1500 et
2463 1423 2859 1500 manifesta

551 1544 812 1620 fraude
844 1544 1238 1621 veritatem
1273 1543 1723 1645 pervertisse
1743 1543 1759 1572 ⁹
1786 1540 2213 1632 arbitratur,
2239 1542 2310 1618 ei
2342 1540 2571 1617 nihilo
2605 1541 2855 1617 minus

551 1658 803 1737 credat
875 1659 1220 1738 credulus
1303 1661 1784 1737 centesimum
1812 1665 1829 1736 1
1965 1659 2321 1735 Diffidere
2404 1685 2541 1759 ego
2626 1658 2857 1746 oculis

541 1779 781 1880 coepi,
807 1806 975 1855 cum
1009 1777 1199 1855 serio
1231 1787 1312 1854 et
1346 1805 1515 1854 cum
1551 1804 1715 1856 mea
1740 1777 1873 1879 qui
1905 1777 2373 1855 dissentirem
2406 1775 2857 1854 contumelia

549 1896 701 1972 tale
749 1895 934 1997 quid
991 1896 1418 1997 responderi
1463 1895 1791 1998 legerem
1844 1894 1961 1998 (II
2010 1923 2081 1998 p.
2145 1915 2185 1992 7
2201 1922 2225 1970 1
2242 1899 2285 1971 8
2338 1893 2857 1997 sq.)—verum

549 2012 881 2090 laetabar
931 2011 1312 2114 laetorque
1343 2042 1360 2091 t
1432 2041 1607 2090 nam
1676 2041 1834 2090 rem
1882 2039 2125 2090 meam
2184 2012 2615 2113 expeditam
2670 2011 2853 2102 vidi,

552 2141 950 2232 postquam
993 2157 1150 2207 sese
1199 2129 1298 2205 ad
1348 2129 1749 2207 absurdum
1799 2129 1987 2205 illud
2034 2129 2497 2204 adversarius
2534 2130 2695 2230 ipse
2730 2129 2860 2206 de-

550 2248 792 2326 duxit.
899 2247 1108 2323 Haec
1149 2256 1332 2323 tunc
1365 2245 1476 2321 ita
1509 2245 2010 2336 disserueram,
2048 2254 2138 2321 ut
2171 2253 2415 2321 errata
2462 2272 2653 2345 quae
2698 2245 2857 2322 cul-

549 2365 769 2466 pavit
815 2360 1300 2438 Ludwichius
1349 2388 1610 2462 reapse
1661 2387 1818 2439 esse
1870 2363 2120 2438 omnia
2168 2361 2366 2438 inter
2416 2362 2855 2464 gravissima

550 2489 629 2555 et
661 2505 755 2555 ex
785 2477 1080 2579 perdito
1117 2478 1433 2555 vitiandi
1467 2478 1771 2555 consilio
1802 2488 2053 2556 coorta
2078 2503 2477 2581 parumper
2496 2479 2851 2559 cederem.

548 2594 621 2671 N
623 2623 719 2671 on
752 2594 1100 2672 cedebam
1133 2595 1452 2696 amplius
1481 2626 1497 2674 :
1532 2605 1825 2698 partem
1850 2623 2101 2672 eorum
2135 2597 2502 2673 committi
2534 2596 2691 2674 fere
2726 2598 2853 2674 de·

545 2712 794 2789 11111666
843 2713 1085 2788 invito
1135 2712 1452 2812 ideoque
1487 2721 1646 2788 tam
1681 2739 1841 2788 6666
1874 2713 2086 2804 levia,
2118 2721 2209 2789 ut
2244 2714 2341 2789 ad
2373 2713 2851 2820 minuendam

547 2830 982 2908 scholiastae
1030 2829 1254 2906 fidem
1303 2829 1494 2904 nihil
1525 2856 1826 2930 prorsus
1858 2828 2215 2921 valerent,
2252 2857 2348 2906 ex
2382 2829 2565 2909 facie
2598 2832 2853 2910 arche·

547 2957 634 3049 ty
642 2949 722 3049 pi
747 2945 1286 3051 (Townleyani)
1301 2955 1378 3023 et
1398 2948 1817 3023 condicione
1837 2949 2153 3023 externa
2170 2949 2483 3025 ostendi.
2536 2949 2853 3028 Putares

547 3076 848 3168 accepta
912 3065 1091 3142 haec
1151 3067 1378 3143 etiam
1435 3064 1866 3142 Ludwichio
1926 3065 2219 3143 fuisse³l
2342 3065 2543 3162 Quid
2596 3077 2851 3146 tamen

625 3293 648 3330 ¹
690 3295 820 3355 Iam
865 3295 1162 3374 propriam
1210 3297 1508 3376 quandam
1543 3299 1814 3360 voculam
1861 3317 2013 3377 quae
2058 3319 2191 3359 cum
2234 3301 2577 3379 contemptu
2630 3297 2852 3362 dicitur

544 3376 682 3438 huic
707 3377 1052 3439 scholiastae
1078 3378 1329 3440 adscivit
1357 3377 1427 3438 11
1455 3400 1512 3456 p.
1543 3394 1575 3454 7
1591 3399 1662 3456 19
1686 3402 1701 3440 z

626 3465 642 3492 ‘
665 3458 743 3518 In
779 3459 886 3520 der
924 3458 1110 3536 Regel
1148 3459 1316 3520 hatte
1356 3459 1467 3533 ich,
1495 3480 1586 3520 wo
1626 3461 1724 3528 ich
1764 3458 1861 3519 die
1886 3459 2209 3521 vielfachen
2250 3457 2489 3519 Sflnden
2530 3460 2633 3520 des
2666 3459 2853 3522 Scho-

543 3539 758 3600 liasten
786 3541 850 3602 V
874 3539 1250 3617 durchgehen
1281 3547 1519 3613 museto,
1549 3541 1722 3601 dabei
1754 3539 1947 3618 einzig
1972 3541 2096 3601 und
2127 3541 2305 3602 allein
2340 3541 2687 3619 denjenigen
2715 3541 2848 3601 Un-

541 3620 880 3682 bekannten
925 3620 1012 3679 im
1057 3621 1245 3696 Auge,
1293 3622 1426 3681 dem
1468 3621 1565 3681 die
1621 3629 1654 3658 “
1673 3622 2187 3700 Verballhornung
2201 3621 2235 3649 ”
2289 3621 2399 3681 der
2448 3621 2846 3684 betreffenden

545 3701 818 3763 Scholion
845 3701 1237 3762 thatsiichlich
1257 3722 1365 3761 zur
1381 3703 1528 3762 Last
1541 3703 1697 3763 ffllt.
1746 3702 1843 3762 Ob
1866 3702 2027 3761 Hinz
2052 3703 2193 3762 oder
2220 3703 2395 3762 Kunz
2422 3702 2510 3764 sie
2538 3709 2572 3740 ‘⁸
2589 3704 2844 3766 verball-

542 3783 723 3844 hornt
739 3783 776 3808 ”
803 3781 974 3855 habe,
1003 3803 1127 3845 war
1152 3782 1277 3842 und
1303 3782 1388 3843 ist
1413 3783 1528 3842 mir
1555 3784 1779 3844 nahezu
1806 3782 2228 3862 gleiehgultig.’

549 3893 557 3903 f
623 3861 650 3898 ¹
689 3865 912 3924 Tamen
957 3883 1033 3924 116
1080 3883 1232 3924 nova
1273 3864 1511 3942 quidem
1557 3870 1666 3924 est.
1748 3862 1933 3925 Velut
1985 3884 2177 3943 nuper
2228 3863 2553 3944 mythologi
2601 3865 2843 3946 quidam

543 3943 924 4007 Roscheriani
965 3943 1438 4025 (Ausfiihrliches
1477 3945 1747 4005 Lexikon
1787 3945 1893 4004 der
1928 3945 2159 4006 Griech.
2188 3967 2245 4008 u.
2275 3945 2445 4009 Rom.
2474 3947 2844 4030 Mythologie

539 4024 680 4089 fasc.
707 4027 763 4089 V
790 4024 916 4102 fin.)
943 4027 1186 4087 eandem
1213 4045 1337 4087 sese
1373 4025 1697 4104 amplexari
1728 4026 2169 4104 perversitatem
2198 4027 2433 4106 publice
2460 4029 2611 4091 mihi
2638 4031 2843 4093 testati

541 4115 700 4171 sunt.
797 4107 1018 4169 offerri
1059 4127 1098 4168 6
1134 4106 1384 4168 falsariis
1435 4105 1877 4186 mythographis
1930 4107 2121 4189 (velut
2168 4130 2207 4171 6
2246 4109 2685 4174 Ps.·P1utarcho
2736 4119 2753 4146 ‘
2768 4113 2845 4175 de

539 4189 739 4252 fluviis
754 4191 770 4217 ’
811 4190 1100 4268 scriptore
1139 4194 1203 4250 et
1241 4187 1576 4250 Ptolemaeo
1611 4187 1880 4270 Chenno)
1912 4190 2095 4251 etiam
2132 4193 2436 4269 quaedam,
2468 4214 2618 4272 quae
2656 4195 2845 4273 proba

539 4291 664 4331 esse
692 4272 934 4332 alivmde
961 4275 1207 4340 constat,
1231 4289 1340 4346 ego
1367 4289 1556 4349 neque
1581 4268 1931 4348 ignorabam
1955 4293 2063 4335 nec
2090 4273 2482 4337 reticueram:
2525 4277 2601 4338 cf.
2632 4275 2845 4338 Philol.

539 4352 1075 4430 'Untersuchungen
1099 4351 1192 4413 VI
1218 4348 1433 4432 (1883)
1463 4371 1522 4430 p.
1551 4369 1630 4429 95
1655 4373 1781 4432 sqq.

621 4433 645 4468 ⁸
685 4433 909 4494 Audias
936 4433 1160 4511 ipsum:
1211 4439 1228 4469 ‘
1244 4432 1366 4494 Das
1400 4432 1882 4496 Vorhandensein
1918 4436 2044 4497 und
2081 4437 2177 4500 die
2208 4437 2428 4516 Folgen
2460 4437 2846 4502 fehlerhafter

541 4515 848 4588 Lemmata
873 4513 997 4576 also
1029 4516 1184 4576 fasse
1215 4514 1314 4576 ich
1345 4513 1439 4576 ins
1465 4516 1677 4596 Auge:
1720 4517 1828 4579 der
1856 4518 2133 4580 Kritikus
2158 4519 2398 4580 ertheilt
2424 4521 2539 4580 mir
2556 4521 2629 4586 in
2656 4523 2841 4584 bana-

539 4597 638 4661 len
671 4595 931 4662 Phrasen
960 4596 1090 4662 eine
1117 4597 1362 4664 Lectica
1389 4598 1534 4663 tiber
1559 4598 1653 4662 die
1687 4599 2065 4684 Entstehung
2090 4600 2319 4668 60101161·
2350 4603 2565 4666 Fehler
2580 4605 2630 4668 τ’
2712 4605 2841 4687 Ego
