3325 5134
1271 335 1799 404 PRAEFATIO.
2552 336 2695 408 xvii

375 516 552 593 ille‘e
661 514 1070 590 Ridentem
1104 537 1182 586 se
1216 508 1463 600 finxit,
1486 512 1698 610 quasi
1731 509 2005 586 scholia
2036 509 2112 585 V
2134 510 2195 585 T
2216 535 2357 610 ego
2384 509 2691 586 maculis

373 635 657 709 intacta
685 632 1048 708 dixissem
1079 637 1121 706 ¹.
1223 629 1460 704 Plane
1494 653 1634 728 ego
1681 626 1842 702 dixi
1888 627 2367 718 contrarium,
2405 627 2691 703 mendis

371 751 660 827 scilicet
695 759 776 826 et
808 749 1096 824 lacunis
1128 755 1221 822 ut
1253 754 1497 823 cetera
1529 745 1971 820 scholiorum
2006 771 2280 846 genera
2329 746 2513 820 satis
2562 745 2691 821 illa

370 895 674 969 quoque
737 867 1154 942 deformata
1210 889 1385 954 esse,
1449 871 1528 938 et
1585 863 1696 937 ita
1753 860 1938 951 dixi,
1998 871 2088 938 ut
2148 863 2479 963 apertius
2536 888 2691 938 non

369 985 752 1084 potuerim
787 985 893 1084 (p.
930 981 1103 1082 573)
1131 990 1178 1060 ².
1275 980 1476 1080 Ergo
1515 1005 1815 1081 promus
1860 977 2047 1054 falsa
2089 978 2183 1056 de
2228 1005 2345 1056 me
2388 979 2690 1066 rettulit

373 1101 878 1178 LudwichiuS.
1850 1143 1863 1146 -

471 1219 830 1318 Denique
865 1215 1059 1317 quod
1105 1215 1290 1290 mihi
1338 1213 1746 1316 imputavit
1795 1215 2109 1315 saepiuS,
2142 1223 2503 1316 tanquam
2551 1240 2689 1291 suo

371 1335 462 1410 de
497 1333 836 1435 Didymo
872 1333 1058 1408 libro
1105 1331 1463 1407 diuturno
1513 1330 1766 1406 studio
1816 1340 2198 1430 procreato
2246 1357 2385 1432 ego
2438 1330 2529 1405 de
2578 1331 2689 1405 in·-
2760 1425 2773 1434 ι

371 1451 667 1526 dustria
703 1449 1251 1538 obtrectassem,
1289 1448 1428 1524 1106
1468 1473 1606 1548 ego
1643 1446 1992 1548 deprecor
2021 1477 2038 1524 :
2099 1475 2340 1548 neque
2374 1448 2572 1522 enim
2605 1448 2688 1522 in

372 1567 506 1642 hac
547 1594 634 1642 re
686 1566 878 1666 quid
921 1565 1426 1640 existimarem
1459 1563 1764 1654 retinui,
1801 1563 1932 1640 sed
1966 1564 2084 1640 vel
2126 1566 2687 1640 admirationem

371 1685 708 1784 expressi
759 1684 864 1782 (p.
906 1681 1106 1782 575).
1212 1681 1419 1774 Quid
1465 1681 1703 1781 igitur
1750 1681 2034 1757 homini
2082 1681 2326 1772 facias,
2380 1683 2514 1782 qui
2564 1682 2688 1759 de·-

371 1801 726 1876 scendere
761 1800 858 1876 ad
891 1799 1076 1874 talia
1116 1798 1386 1874 maluit
1419 1825 1644 1897 quam
1678 1799 2144 1874 commissum
2181 1823 2225 1872 a
2256 1825 2337 1873 se
2368 1825 2687 1875 errorem

249 1968 257 1985 .
374 1917 494 1992 vel
559 1926 949 2016 arreptam
1017 1916 1272 2016 potius
1342 1915 1949 2015 superstitionem
2016 1915 2341 2014 ingenue
2408 1915 2687 1990 fateri}

238 2027 254 2043 ’
375 2033 616 2108 Istum
686 2034 966 2109 sincero
1037 2033 1348 2108 aliorum
1402 2032 1677 2108 iudicio
1733 2043 1815 2109 et
1875 2032 2115 2132 magis
2166 2031 2391 2106 etiam
2449 2031 2687 2132 ipsius

373 2152 866 2228 conscientiae
900 2152 1132 2228 libens
1165 2151 1539 2253 relinquas
1562 2159 1608 2229 ³.

373 2425 594 2486 scilicet
636 2424 954 2504 prohibere
995 2425 1174 2500 volui,
1217 2446 1292 2487 ne
1334 2424 1465 2504 quis
1512 2431 1751 2504 praeter
1788 2423 2198 2485 Ludwichium
2242 2424 2316 2483 ob
2363 2423 2687 2507 depravata

373 2509 666 2586 quaedam
717 2507 1010 2582 lemmata,
1051 2529 1202 2586 quae
1253 2528 1358 2568 cur
1399 2509 1713 2586 depravari
1758 2507 2063 2585 potuerint
2109 2505 2389 2566 facillime
2436 2511 2683 2584 pateret,

375 2591 586 2649 malam
635 2589 988 2649 scholiastae
1031 2590 1208 2650 fidem
1262 2591 1612 2668 increparet.
1714 2589 2044 2650 Infeliciter
2098 2588 2253 2646 idem
2302 2587 2685 2648 Ludwichius

339 2725 346 2734 .
374 2671 549 2732 schol.
577 2672 648 2730 N
671 2690 790 2747 339
820 2671 1033 2730 leviter
1048 2672 1436 2749 corruptum
1417 2693 1483 2730 111
1503 2673 1745 2731 eandem
1766 2690 1931 2732 suam
1948 2669 2298 2731 sententiam
2320 2671 2683 2742 retractavit,
2742 2675 2749 2680 '

375 2773 485 2830 quo
514 2754 590 2812 de
620 2772 776 2829 quae
809 2753 935 2812 dixi
961 2753 1002 2812 l.
1023 2773 1074 2815 c.
1103 2774 1161 2830 p.
1193 2769 1314 2828 570
1341 2759 1604 2831 repetere
1631 2753 1787 2812 nole.

451 2834 472 2868 ¹
515 2835 620 2894 Ita
666 2833 769 2892 ille
809 2834 848 2892 l.
873 2855 922 2894 6.
952 2879 968 2894 .
995 2879 1012 2894 .
1042 2879 1058 2894 .
1087 2835 1193 2893 (161·
1234 2835 1558 2894 Kritikus.
1633 2834 1840 2912 .singt
1880 2854 2002 2892 nun
2055 2834 2153 2892 ein
2196 2833 2397 2910 langes
2438 2831 2685 2893 Loblied

375 2916 476 2975 auf
503 2916 614 2974 ihn
647 2915 986 3077 (111136111161
1013 2917 1094 2998 V)
1129 2916 1281 2976 nach
1325 2917 1432 2976 der
1473 2877 1757 2976 Melodie:
1799 2917 1969 2977 Dies-9
1988 2915 2178 2988 Kind,
2206 2915 2341 2974 kein
2380 2914 2569 2994 Enqel
2608 2916 2686 2972 ist

369 3019 432 3057 so
455 3001 588 3056 rein
643 3017 731 3056 616
759 3001 774 3038 l

449 3079 474 3112 ²
511 3080 613 3138 En
641 3099 774 3138 mea
799 3079 1015 3139 verba.

453 3160 780 3233 ‘Vorwitz,
825 3160 1393 3236 Zerstorungswuth,
1442 3162 1572 3222 61116
1625 3162 1984 3222 incredibilis
2026 3163 2349 3234 oscitantia,
2396 3160 2520 3219 und
2564 3180 2685 3220 was

361 3243 755 3320 ·dergleichen
782 3243 1118 3303 Ehrentitel
1145 3244 1240 3302 bei
1267 3244 1455 3304 Lehrs
1481 3245 1606 3304 und
1637 3244 1924 3305 Ludwich
1956 3245 2123 3303 mehr
2150 3244 2299 3312 sind,
2329 3242 2467 3302 darf
2488 3243 2686 3301 weder

375 3325 510 3386 dem
551 3324 869 3385 Schreiber
891 3325 997 3384 des
1037 3325 1462 3402 'l‘ownleyanus
1502 3327 1650 3386 noch
1692 3327 1891 3386 6611166
1933 3325 2212 3403 Cepisten
2238 3324 2294 3382 V
2334 3324 2427 3401 Lp
2468 3323 2686 3382 meines

376 3405 710 3466 Erachtens
763 3407 1162 3483 vorgeworfen
1216 3409 1470 3467 werden.
1579 3409 1782 3467 Fehler
1834 3407 2406 3467 Missum-omnisne
2458 3427 2519 3464 u.
2553 3424 2599 3464 ε.
2625 3403 2683 3481 f.

359 3486 571 3564 finden
611 3488 739 3546 sich
764 3489 1008 3564 froilich
1047 3491 1116 3548 in
1153 3491 1310 3548 allen
1349 3491 1544 3548 ἀνείθη
1569 3514 1589 3551 .·
1629 3491 1807 3566 yiebts
1846 3489 2002 3548 devm
2041 3489 2175 3547 aber
2199 3487 2521 3564 iiberlcaupt
2560 3489 2686 3546 eim

379 3568 790 3646 Handschnfl
819 3570 912 3628 die
950 3571 1140 3630 daven
1158 3571 1284 3648 fici
1321 3579 1474 3630 wdre
1500 3573 1528 3630 2
1609 3571 1665 3630 U
1665 3573 1749 3630 nd
1785 3591 1917 3629 mm
1940 3589 2055 3646 yar
2084 3569 2549 3644 Handechnflen
2573 3589 2687 3629 vem

377 3650 660 3719 Scholion,
687 3651 782 3709 du
821 3651 992 3711 einen
1019 3653 1493 3728 fortwdhrenden
1529 3653 1620 3712 K
1593 3672 1879 3732 urzunqs
1906 3651 2037 3712 und
2077 3651 2686 3728 Verderbunqsprocees

375 3733 666 3791 notor-isch
689 3732 1126 3808 durchyemacht
1152 3733 1369 3794 habem’
1398 3739 1508 3794 etc.

456 3813 482 3846 ⁸
521 3813 628 3886 Iis,
656 3833 806 3890 quae
846 3814 920 3872 de
959 3814 1303 3874 Aristarcho
1343 3820 1404 3875 et
1442 3815 1697 3892 Didymo
1724 3815 1765 3874 1.
1783 3835 1829 3876 c.
1849 3815 2109 3875 breviter
2136 3813 2394 3893 exposui,
2422 3833 2497 3874 ne
2526 3834 2684 3874 nunc

377 3893 616 3970 quidem
637 3894 816 3954 velim
833 3895 1148 3973 quicquam
1163 3897 1338 3970 demi,
1357 3897 1496 3958 addi
1513 3917 1630 3956 11011
1651 3897 1847 3957 nulla:
1877 3917 2027 3975 quae
2048 3897 2112 3954 in
2135 3896 2309 3957 aliam
2327 3897 2683 3957 occasionem

378 3975 704 4035 differenda
733 3983 887 4036 sunt.
890 3979 1062 4038 —De
1091 3978 1337 4038 Lehrsio
1365 3979 1743 4038 Ludwichius
1770 3979 1806 4038 I
1822 4000 1878 4057 p.
1904 3982 1981 4037 88
2010 3978 2197 4038 haec
2180 3998 2304 4056 lpse
2333 3979 2681 4056 scripserat.

378 4054 464 4114 Er
483 4057 686 4116 stellte
707 4078 820 4116 nur
845 4058 908 4116 in
923 4057 1178 4132 Abrede,
1201 4060 1336 4120 dass
1355 4062 1468 4121 wir
1481 4061 1857 4138 verpflichtet
1873 4060 2047 4132 seien,
2066 4060 2243 4118 ihnen
2271 4060 2348 4138 (V
2374 4059 2465 4138 Lp
2486 4057 2683 4138 Eust.)

379 4137 560 4197 6116111
603 4138 799 4214 gleich
839 4141 968 4200 61116
1000 4141 1170 4202 Wort
1209 4161 1284 4202 zu
1323 4143 1597 4220 glauben,
1624 4142 1905 4203 wiihrend
1946 4163 2011 4202 er
2038 4142 2194 4202 diese
2223 4141 2683 4222 Verpflichtung

380 4219 510 4277 dem
535 4219 693 4282 Ven.
739 4219 798 4280 A
838 4223 1170 4299 gegentiber
1211 4224 1294 4284 im
1340 4224 1596 4284 Grossen
1638 4225 1761 4284 und
1802 4225 2044 4284 Ganzen
2088 4223 2465 4283 ricokhaltszos
2510 4241 2684 4282 aner-

379 4300 566 4360 hamat
607 4302 814 4362 missen
852 4305 1048 4364 wollte.
1131 4304 1348 4382 Itaque
1376 4306 1534 4383 quod
1561 4327 1620 4383 p.
1652 4321 1769 4381 574
1800 4305 2161 4365 Lehrsium‘
2183 4324 2301 4363 non
2336 4308 2495 4362 recte
2524 4323 2683 4362 sum-

379 4400 534 4441 mam
561 4382 790 4443 Veneto
815 4382 872 4443 A
899 4383 1075 4444 fidem
1112 4386 1416 4448 habuisse’
1463 4408 1572 4464 ego
1600 4387 1745 4462 dixi,
1777 4390 2003 4447 frustra
2032 4393 2100 4446 ut
2128 4385 2279 4444 solet
2307 4382 2683 4445 Ludwichius

382 4463 758 4542 vituperavit.
761 4465 1124 4527 ——Ceterum
1166 4489 1259 4530 me
1312 4469 1574 4529 nondum
1626 4435 1894 4547 pae'nitet
1949 4468 2075 4528 eius
2129 4466 2353 4539 iudicii,
2408 4467 2565 4546 quod
2610 4467 2683 4528 de

383 4563 532 4603 nova
559 4545 830 4624 Dionysii
858 4547 1100 4614 Thracis
1125 4552 1454 4616 recensione
1483 4551 1566 4634 (D
1595 4551 1646 4612 L
1665 4551 1711 4610 Z
1737 4571 1760 4611 1
1774 4555 1889 4627 884
1917 4571 1975 4681 Ρ.
2017 4569 2039 4609 1
2052 4547 2200 4634 579)
2226 4549 2375 4613 tuli:
2419 4549 2681 4613 612111.ιᾶ-

379 4625 658 4686 wichium
685 4647 742 4705 p.
773 4641 892 4706 719
919 4629 1020 4698 fin.

555 4739 705 4791 101..
737 4741 803 4793 v.
1506 4730 1548 4797 b
