3325 5134
1243 337 1769 408 PRAEFATIO.
2550 337 2661 406 xix

342 509 537 584 hunc
587 507 896 609 quidem
941 507 1210 583 habere
1263 517 1496 608 patet,
1531 508 1676 584 nisi
1724 534 1913 608 quae
1964 535 2058 584 ex
2108 505 2661 609 quattuorviro-

342 654 503 702 rum
574 625 872 727 sylloge.
937 624 1410 726 proveniunt.
1513 625 1719 725 Ergo
1782 625 1846 700 is
1906 652 2204 726 quoque
2267 624 2473 699 fonte
2534 622 2660 698 illo

341 743 573 818 altero
633 743 842 817 unde
903 751 1128 817 antea
1187 750 1268 818 et
1319 749 1490 842 post
1549 740 1845 817 haurire
1903 740 2239 842 perrexit
2292 739 2661 816 abstinere

341 869 642 936 coactus
724 867 906 935 erat.
1049 857 1400 936 Ceterum
1481 884 1598 933 res
1670 858 1929 934 eadem
1995 857 2119 934 vel
2190 857 2271 932 in
2336 857 2661 934 editione

343 977 795 1054 scholiorum
841 975 910 1050 D
957 974 1392 1052 Lascaridea
1441 973 1799 1064 cernitur,
1850 975 1944 1050 de
1996 1002 2146 1075 qua
2194 975 2285 1052 cf.
2337 1002 2491 1075 cap.
2531 975 2661 1050 IV.

345 1093 555 1185 Quae
589 1120 769 1169 cum
805 1093 916 1168 ita
949 1093 1124 1182 sint,
1159 1091 1513 1168 amiserat
1545 1092 1695 1166 iam
1737 1090 2207 1191 aliquantum
2249 1101 2427 1168 ante
2479 1117 2661 1169 saec.

347 1211 418 1287 X
451 1211 640 1288 haec
678 1211 954 1286 scholia
985 1238 1135 1287 uno
1169 1218 1261 1285 ut
1294 1210 1599 1286 videtur
1632 1207 1814 1285 folio
1866 1209 2276 1311 perscripta
2306 1235 2667 1286 commen·

344 1330 580 1406 tarius
629 1328 704 1403 A
729 1327 794 1402 B
821 1329 894 1404 D
923 1328 988 1403 Τ
1040 1325 1410 1404 codicibus
1467 1326 1895 1402 communie.
2003 1325 2225 1421 Quod
2275 1325 2505 1402 nolim
2555 1325 2670 1401 ita

345 1447 577 1547 accipi
612 1446 835 1547 quasi
869 1473 966 1521 ex
1000 1444 1408 1546 exemplari
1441 1443 1699 1520 eodem
1732 1443 2055 1519 derivati
2086 1444 2241 1519 sint
2270 1472 2288 1522 :
2324 1469 2515 1544 quae
2547 1469 2667 1518 res

349 1589 438 1638 ne
489 1563 573 1637 in
629 1563 704 1637 Β
753 1570 832 1637 et
881 1563 943 1637 T
980 1562 1284 1663 quidem
1337 1560 1652 1638 accidit:
1703 1561 1996 1660 saepius
2048 1560 2247 1636 enim
2297 1559 2427 1636 ubi
2478 1559 2669 1636 alter

347 1678 702 1754 librarius
736 1705 994 1754 verum
1049 1681 1416 1779 propagat
1463 1677 1658 1752 alter
1690 1676 2177 1779 archetypum
2227 1677 2470 1778 legere
2515 1704 2666 1754 non

349 1795 611 1882 valuit,
675 1795 808 1872 sed
867 1795 1200 1898 ineptam
1257 1793 1685 1870 litterarum
1746 1793 2171 1896 congeriem
2227 1793 2662 1898 descripsit3

347 1911 525 1988 item
560 1911 738 1990 alia.

449 2030 751 2106 Notum
810 2037 929 2104 est
995 2028 1367 2130 duplicem
1434 2025 1879 2104 scholiorum
1939 2027 2365 2119 criticorum
2401 2025 2667 2104 seriem

353 2145 432 2221 in
481 2147 550 2222 A
601 2145 992 2222 inductam
1041 2173 1197 2224 esse
1247 2145 1535 2222 ambitu
1581 2145 1957 2222 diversam
1980 2155 2029 2238 ¹,
2066 2172 2383 2248 quorum
2432 2143 2672 2221 altera

353 2291 583 2364 eaque
635 2263 936 2340 brevior
967 2265 1058 2340 ad
1095 2264 1160 2339 B
1186 2265 1248 2339 T
1284 2265 1624 2365 proxime
1674 2264 1998 2356 accedat,
2036 2263 2369 2340 discedat
2418 2272 2671 2340 tamen

354 2379 630 2458 altera:
672 2391 850 2457 sunt
885 2382 1114 2458 etiam
1146 2409 1340 2483 quae
1373 2381 1674 2481 utrique
1712 2381 1968 2482 generi
2000 2381 2391 2458 adscribas,
2466 2379 2671 2455 Haec

359 2524 490 2598 per
537 2525 786 2574 unum
837 2498 1106 2574 librum
1158 2525 1563 2600 persequar
1612 2498 2050 2575 accuratius.
2150 2497 2277 2574 Ad
2332 2517 2384 2576 Γ
2437 2497 2669 2572 unde-

358 2615 636 2715 viginti
672 2615 734 2688 Τ
770 2615 1000 2690 codex
1046 2614 1382 2704 tradidit,
1417 2641 1730 2715 quorum
1771 2615 1876 2715 (Ι)
1914 2617 2063 2691 duo
2107 2614 2189 2688 in
2226 2613 2290 2688 B
2329 2614 2468 2716 (ΙΙ)
2506 2622 2673 2688 octo

359 2729 434 2804 in
468 2731 544 2805 A
577 2730 737 2806 solo
775 2729 965 2831 (III)
1001 2731 1332 2832 quinque
1364 2731 1447 2805 in
1481 2731 1547 2804 A
1576 2731 1639 2805 B
1674 2731 1781 2806 sic
1813 2717 2203 2824 iterantur,
2242 2737 2329 2806 ut
2362 2728 2671 2806 eandem

357 2847 854 2924 redactionem
885 2873 1238 2949 agnoscas
1263 2876 1285 2940 3
1337 2847 1662 2926 conferas
1694 2847 1909 2923 modo
1938 2877 1959 2932 2

1490 3066 1544 3128 1.

445 3207 539 3268 13.
587 3187 1175 3273 ωνίσαλος-ἇελλῆς]
1220 3190 1466 3267 Ἀριστο-
1647 3191 2034 3267 Ἀριστοφάνης
2082 3193 2279 3268 γράφει
2336 3193 2373 3222 “
2394 3195 2672 3252 κονισάλου

362 3287 525 3358 φᾶης
547 3289 750 3362 γράφει
775 3290 812 3320 “
830 3289 1109 3362 κονισάλῳ
1137 3286 1316 3363 ὄρνυτ’
1343 3287 1464 3343 ἀελ-
1567 3287 1747 3362 ὄρνυτ’
1774 3286 1968 3360 ἆελλὴς
1984 3284 2017 3310 ”
2046 3285 2123 3348 Β.

409 3381 426 3400 e
470 3379 502 3410 η
1651 3371 1658 3378 “

363 3379 818 3550 ληὲξιὶὖπόψιον
862 3471 1155 3556 ἅλλαιση]
1227 3475 1289 3532 Ἀ
1245 3485 1468 3552 Αριστο-
1696 3461 2169 3551 ..Ἄροστοφίίνης
2222 3477 2281 3533 δὲ
2339 3476 2377 3506 “
2395 3470 2671 3550 ἕπόψιον”

367 3571 698 3642 Μεθ’
699 3568 1007 3646 ⁸:²an
1057 3573 1269 3646 Ὑρόφα»
1318 3569 1470 3644 ²⁹⁹5
1564 3517 1763 3645 Ὺρὶφα
1798 3573 1945 3626 “²²⁰
1946 3572 2192 3643 &enm-l(
2213 3567 2674 3643 ἶυὟῦὗτΦἾῶ·

365 3665 484 3722 ἐἰη
508 3667 716 3722 πάντων
739 3667 1025 3738 ὅρῶνι-ωνκ
1026 3665 1344 3738 ερδῦνωτὴν
1361 3667 1468 3722 ἀπὸ
1564 3667 1670 3736 βην
1714 3659 1845 3721 εἶναι
1892 3667 1977 3722 καὶ
2024 3666 2275 3776 κερδᾶναι.
2308 3666 2401 3737 τὴν
2439 3665 2545 3723 ἀπὸ
2582 3667 2675 3736 τῆς

365 3759 453 3830 τῆς
477 3761 652 3836 φυγῆς
675 3757 958 3834 αἶσχῦην’
989 3757 1058 3822 Τ.
1567 3761 1743 3834 φυγῆς
1788 3757 2041 3834 αἰσχύνην
2081 3760 2169 3820 ἐπὶ
2212 3761 2305 3833 τῆς
2358 3762 2565 3818 πάντων
2618 3758 2675 3816 3·

1567 3855 1644 3930 ψ(
1648 3875 1719 3913 ως
1732 3849 1849 3915 ’.Β

1472 4035 1558 4100 II.

447 4175 545 4233 99.
591 4151 854 4241 πέποσθε]
923 4155 1264 4218 “revocor’'
1333 4157 1470 4218 οὕτω
1649 4153 1917 4241 πέπασθε]
1948 4159 2033 4221 διὸ
2066 4164 2160 4218 τοῦ
2186 4159 2222 4217 ἃ
2242 4160 2305 4218 τὸ
2334 4159 2369 4191 “
2384 4156 2621 4217 πέπασθε
2638 4151 2673 4180 ”

370 4253 530 4308 πᾶσαι
559 4250 629 4312 Τ.
1568 4251 1917 4330 ’Apta-rapx„
1941 4252 2067 4316 Ata
2103 4269 2114 4281 .

445 4381 600 4444 ¹cf.
633 4381 886 4445 Roemer
924 4381 1160 4445 ‘Ueber
1197 4383 1294 4445 die
1321 4383 1538 4446 Werke
1579 4385 1687 4445 der
1722 4384 2135 4446 Aristarcheer
2171 4385 2250 4443 im
2287 4381 2429 4445 Ood.
2457 4381 2677 4450 Venet.

371 4459 452 4522 A'
481 4465 910 4546 (Sitznngsber.
941 4467 1000 4526 d.
1029 4467 1204 4544 Bayr.
1232 4466 1351 4528 Ak.
1382 4468 1438 4527 d.
1466 4467 1640 4527 Wiss.
1669 4471 1822 4545 1875
1855 4467 2009 4545 Hp.
2043 4485 2153 4541 241
2178 4462 2349 4545 sqq..)

373 4547 606 4704 wlff·
633 4554 780 4612 eunt
816 4548 1088 4613 scholia
1069 4569 1137 4611 m
1172 4546 1234 4613 A
1273 4548 1803 4630 intel-marginalia,
1831 4548 1931 4612 A*
1960 4547 2385 4626 interlinearia,
2426 4545 2484 4610 A
2522 4567 2678 4610 mar·

1459 4727 1502 4804 b
1549 4746 1591 4797 α
