3325 5134
1465 290 1993 358 PRAEFATIO.
2814 293 2881 358 xi

561 467 761 543 Tum
795 464 982 542 liber
1017 491 1113 542 ex
1151 461 1653 542 Salviatorum
1688 463 1968 566 pluteis
2000 463 2363 550 incertum
2397 464 2670 567 quibus
2702 465 2880 544 fatis

561 583 880 660 Romam
940 583 1236 659 delatus
1287 591 1404 659 est
1467 581 1722 683 ibique
1772 608 1838 658 a.
1888 609 1915 657 1
1935 603 2068 678 771
2110 610 2158 658 a
2208 582 2473 660 Carolo
2527 584 2881 687 Townley

563 701 730 776 viro
766 699 990 776 nobili
1033 699 1395 776 Britanno
1439 708 1735 800 emptus
1784 710 1862 775 et
1914 699 2334 776 Londinum
2384 711 2808 802 asportatus
2831 713 2879 779 ¹.

565 817 832 894 Patuit
899 845 962 894 a.
1039 844 1068 892 1
1090 840 1233 914 790
1304 816 1714 916 Gottingae
1784 824 1863 892 et
1918 817 2213 918 Heynio
2282 824 2362 893 et
2419 817 2493 894 N
2494 819 2873 912 oehdeni0,

567 934 861 1035 Heynii
908 934 1314 1035 discipu103
1364 932 1491 1009 ille
1542 933 1799 1009 Iliadis
1850 959 2027 1010 suae
2059 933 2203 1010 vol.
2242 934 2369 1011 III
2410 961 2593 1038 sqq„
2627 938 2747 1014 hic
2796 938 2879 1016 in

565 1051 1204 1153 disputatiuncula
1237 1051 1330 1126 de
1373 1051 1666 1127 scholiis
1716 1051 2111 1154 Porphyrii
2144 1052 2351 1129 Gott.
2401 1079 2428 1128 1
2448 1074 2591 1151 799
2643 1082 2881 1156 pauca

563 1167 931 1270 vulgavit.
1031 1172 1125 1246 A.
1176 1175 1258 1244 18
1276 1194 1365 1263 14
1411 1169 1757 1269 Burneyo
1804 1168 2087 1244 doctori
2137 1169 2590 1246 Londinensi
2641 1173 2881 1250 veniit

565 1285 1136 1387 Townleyanus,
1192 1285 1509 1386 denique
1567 1312 1736 1362 cum
1797 1285 1964 1361 aliis
2015 1286 2477 1388 Burneyanis
2526 1315 2574 1363 a
2622 1287 2879 1368 Museo

563 1402 1004 1480 Britannico
1048 1411 1516 1504 comparatus
1561 1413 1680 1478 est
1705 1411 1749 1479 ².
1830 1402 1946 1478 Ibi
1990 1402 2222 1503 igitur
2263 1404 2321 1482 Ι.
2360 1405 2447 1482 A.
2488 1404 2878 1484 Cramerus

567 1520 860 1622 eclogas
909 1548 1080 1596 suas
1125 1519 1581 1622 deprompsit
1631 1521 1913 1596 Anecd.
1964 1521 2193 1596 Paris.
2235 1521 2360 1598 III
2414 1523 2671 1624 (1841)
2732 1547 2867 1622 271

567 1665 736 1738 sqq.
853 1637 1011 1712 Iam
1070 1664 1234 1714 cum
1301 1663 1568 1713 novam
1627 1637 2073 1713 scholiorum
2126 1639 2207 1713 in
2260 1638 2571 1717 Iliadem
2629 1669 2878 1719 recen-

569 1755 852 1832 sionem
888 1754 1354 1831 Universitas
1397 1755 1839 1832 Oxoniensis
1889 1781 2022 1855 per
2057 1753 2522 1834 Dindorfium
2578 1758 2877 1835 institu-

567 1881 750 1964 eret,
786 1870 1271 1973 Townleyani
1303 1872 1821 1973 apographum
1862 1871 2392 1972 Delegatorum
2425 1875 2631 1950 iussu
2670 1876 2757 1950 D.
2785 1877 2875 1954 B.

573 1987 834 2064 Monro
887 1989 1225 2066 confecit.
1331 1977 1600 2066 Finitis
1648 1989 2099 2066 Venetorum
2152 1989 2227 2064 A
2277 1998 2357 2064 et
2406 1991 2473 2065 B
2522 1999 2881 2092 quattuor

569 2105 1071 2182 voluminibus
1105 2106 1443 2184 editurus
1477 2107 1703 2182 etiam
1740 2105 2316 2207 Townleyanum
2352 2131 2507 2185 rem
2540 2109 2652 2184 ita
2684 2109 2877 2186 inco-

570 2305 658 2362 &a
701 2305 754 2360 τί
799 2303 901 2360 ἀπὸ
943 2305 1034 2375 τῆς
1073 2303 1282 2376 μήνιδος
1318 2303 1528 2376 ἤρξατο,
1577 2301 1713 2360 οὕτω
1761 2303 2045 2377 δυσφήμου
2092 2304 2377 2377 ὅνόματοςς
2433 2307 2517 2362 διὰ
2560 2306 2653 2364 δύο
2698 2312 2876 2365 ταῦτα·

567 2391 778 2459 πρὸτον
801 2386 910 2458 μέν,
935 2383 998 2441 ἶν’
1024 2386 1081 2442 εἰ(
1119 2390 1214 2442 τοῦ
1245 2388 1442 2444 πάθους
1472 2385 1863 2460 ἄποκαθαρεῦσῃ
1901 2389 1962 2441 τὸ
1997 2391 2230 2444 τοιοῦτον
2267 2391 2447 2461 μόριον
2480 2391 2570 2459 τῆς
2600 2391 2767 2462 μάχης
2785 2387 2875 2469 (l),

571 2471 656 2524 καὶ
697 2467 1194 2540 προσεκτικωτέρους
1237 2469 1359 2526 τοὺς
1403 2467 1658 2540 ἀκροατὰς
1706 2469 1791 2524 ε’πὶ
1834 2473 1927 2522 τοῦ
1968 2469 2217 2542 μεγέθους
2257 2469 2452 2540 ποιήσῃ
2498 2473 2579 2526 καὶ
2620 2473 2876 2545 προεθίσῃ

569 2549 754 2623 φέρειν
789 2549 1027 2621 γενναίως
1052 2548 1180 2620 ἡμᾶς
1214 2551 1278 2605 τὰ
1310 2548 1448 2618 πιίθη
1476 2545 1550 2627 (c.
1583 2563 1660 2622 50
1691 2547 1811 2606 litt.
1839 2545 1983 2624 om.)
2010 2546 2281 2626 tepea—(2
2314 2549 2453 2628 om.)
2479 2553 2689 2622 μέλλων
2714 2555 2876 2610 πολέ-

567 2654 702 2702 μους
743 2629 1110 2704 ἆπαγγέλλειν·
1162 2629 1403 2704 δεύτερον
1455 2631 1529 2696 δέ,
1579 2629 1662 2686 ἵνα
1716 2631 1781 2686 τὰ
1829 2631 2052 2704 ε’·γκῶμια
2095 2635 2199 2687 τῶν
2239 2632 2504 2703 Ἑλλήνων
2553 2635 2878 2710 πιθανώτερα

567 2711 784 2782 ποιήσῃ·
825 2712 936 2768 ἐπεὶ
975 2711 1032 2768 δὲ
1071 2713 1258 2783 ἔμελλε
1298 2717 1536 2770 νικῶντας
1561 2712 1867 2784 ἀποφαίνειν
1896 2713 2017 2770 τοὺς
2042 2710 2320 2783 Ἕλληνας,
2364 2715 2569 2772 εῑκότως
2614 2716 2677 2770 οὗ
2721 2739 2878 2773 κατα-

567 2793 749 2867 τρέχει
788 2792 1225 2867 ἆξιοπιστῶτερον
1245 2788 1319 2871 (l)
1348 2793 1405 2848 ἐκ
1443 2797 1538 2848 τοῦ
1577 2793 1648 2864 μὴ
1688 2795 1858 2849 πάντα
1896 2792 2203 2866 χαρίζεσθαι
2242 2799 2351 2853 τοῖς
2390 2796 2594 2852 ε’κείνων
2633 2795 2876 2856 ε’παίνοις·

569 2875 767 2948 ἤρξατο
795 2875 889 2945 μὲν
917 2875 1020 2930 ἀπὸ
1057 2873 1281 2946 μήνιδος,
1309 2875 1518 2948 ε’πείπερ
1545 2873 1673 2946 αὕτη
1699 2879 1807 2932 τοῖς
1840 2878 2131 2949 πρακτικοῖς
2165 2875 2410 2933 ὑπόθεσις
2434 2876 2660 2950 γέγονεν·
2701 2877 2879 2938 ἄλλως

567 2979 632 3014 τε
657 2957 744 3011 καὶ
767 2955 1070 3030 τραγῳδίαις
1091 2958 1332 3028 τραγικὸν
1356 2957 1533 3028 ε’ξεῦρε
1555 2957 1841 3030 προοίμιον·
1924 2958 2005 3012 καὶ
2035 2957 2137 3030 γὰρ
2168 2959 2535 3030 προσεκτικοὺς
2558 2957 2689 3027 ἡμᾶς
2714 2959 2747 3029 ἦ
2775 2967 2879 3017 τῶν

572 3039 859 3110 σχημάτων
880 3033 954 3116 (l)
987 3037 1222 3110 διῆγησις
1247 3035 1495 3111 ἦργάζετο
1526 3033 1614 3116 (l),
1643 3039 1727 3093 καὶ
1766 3038 1836 3094 ὡς
1860 3037 2034 3112 ῐατρὸς
2069 3039 2283 3111 ἄριστος
2312 3043 2517 3112 πρῶτον
2540 3039 2878 3098 ἀναστέλλων

568 3121 636 3174 τὰ
665 3117 928 3189 νοσήματα
952 3120 1042 3188 τῆς
1066 3119 1248 3191 ψυχῆς
1273 3117 1493 3190 ὕστερον
1518 3119 1608 3189 τὴν
1631 3117 1776 3174 ιιἰεισιν
1800 3119 1995 3192 ἐπάγει.
2074 3118 2375 3190 Ἑλληνικὸν
2399 3121 2456 3176 δὲ
2490 3122 2551 3177 τὸ
2575 3123 2709 3194 πρὸς
2734 3123 2877 3180 τέλει

569 3201 668 3257 τὰς
693 3199 875 3271 ἡδονὰς
899 3201 1125 3272 ἐπάγειν·
1165 3199 1343 3256 ἰστέον
1368 3201 1442 3256 δέ·
1485 3202 1664 3273 ὥσπερ
1694 3200 1778 3256 ε’πὶ
1808 3203 1966 3272 συκῆς
1991 3204 2196 3273 πρῶτον
2220 3201 2315 3270 μὲν
2340 3201 2526 3274 φύλλα
2554 3198 2627 3282 (l)
2656 3205 2876 3263 ὅλυνθος

571 3278 686 3338 εἶτα
711 3279 884 3353 φῦλης
900 3278 968 3360 (l)
997 3285 1158 3338 σῦκον
1183 3281 1358 3353 ἰσχάς,
1387 3279 1521 3337 οὕτω
1549 3287 1755 3355 πρῶτον
1785 3281 1914 3356 ὀργὴ
1942 3282 2101 3351 θυμὸς
2124 3285 2286 3354 χόλος
2312 3285 2458 3342 κότος
2482 3287 2645 3355 μῆνις·
2672 3284 2808 3356 ὅμως
2844 3289 2875 3342 ὅ

569 3363 784 3433 ποιητὴς
817 3363 888 3420 ὣς
929 3361 1244 3432 συνωνύμως
1275 3363 1525 3432 ὀνόμασιν
1555 3363 1641 3418 ἐπὶ
1679 3361 1917 3436 Ἀχιλλεῖ
1934 3359 2011 3440 (Ξ)
2025 3366 2230 3435 χρῆται·
2275 3367 2310 3395 “
2331 3363 2388 3434 ἦέ
2431 3367 2596 3436 χόλον
2630 3365 2878 3422 παύσειεν

571 3441 841 3516 ε’ρητῦσειέ
871 3466 931 3499 τε
967 3441 1178 3512 θυμόν.”
1224 3447 1260 3474 “
1280 3444 1387 3499 οὐδ’
1431 3445 1613 3516 ὄθομαι
1645 3441 1955 3502 κοτέοντος.”
2013 3447 2047 3475 “
2068 3446 2228 3518 αὐτὰρ
2268 3443 2297 3500 ὃ
2332 3445 2476 3517 μήνιε
2518 3448 2670 3514 νηυσὶ
2710 3448 2875 3520 παρῆ-

568 3523 774 3594 pene?
854 3517 1134 3605 μῆνις]ἆπὸ
1169 3528 1264 3580 τοῦ
1297 3525 1432 3596 μένω
1474 3529 1634 3597 μῆνις,
1678 3527 1747 3584 ὡς
1788 3522 2113 3604 {vasonum
2194 3529 2245 3582 οἱ
2284 3527 2341 3582 δὲ
2376 3529 2497 3600 περὶ
2532 3530 2761 3584 Γλαῦκον
2785 3533 2878 3588 τὸν

569 3607 779 3678 Ταρσέα
804 3603 981 3678 ἧξίουν
1004 3606 1204 3678 ὄεῦνειν
1226 3609 1288 3662 τὸ
1315 3605 1489 3678 ὄνομα,
1515 3608 1608 3661 οὐκ
1635 3607 1816 3681 ὀρθῶς.

657 3684 887 3744 Deinde
928 3685 1004 3746 ad
1051 3707 1108 3746 v.
1158 3705 1192 3762 3
1236 3681 1463 3768 πολλάς]
1499 3681 2043 3769 πόσον.-ἶφθίμονς]
2089 3683 2550 3771 ποῖοι-ψυχάς]
2594 3694 2864 3750 οὐσίαν.-

561 3762 734 3849 ι’Διδι]
774 3767 1298 3842 τόποι-’προΐαψεν
1353 3773 1559 3842 χρόνον.
1640 3768 1855 3828 Postea
1886 3767 1962 3827 ad
1989 3788 2045 3828 v.
2080 3785 2114 3844 5
2146 3773 2266 3830 Διὸς
2296 3771 2489 3846 βουλή]
2527 3772 2672 3848 λέγει
2708 3779 2797 3831 νῦν
2843 3778 2874 3831 ὅ

569 3851 785 3921 ποιητὴς
800 3850 895 3920 τὴν
917 3851 1254 3924 ἐπογγελείαν
1274 3848 1319 3927 (l
1367 3851 1458 3920 τὴν
1488 3853 1617 3922 πρὸς
1633 3851 1821 3908 Θέτιδα
1846 3855 1881 3882 “
1901 3853 2026 3910 Ζεὺς
2044 3855 2139 3925 μὲν
2169 3853 2267 3926 ἄρα
2294 3857 2535 3927 Τρώεσσι
2562 3858 2644 3910 καὶ
2661 3854 2875 3930 Ἕκτορι

567 3930 803 3998 βούλετο
840 3931 1028 4002 νίκην.”
1112 3932 1387 4002 Εὐκλείδης
1410 3931 1470 3986 δέ
1501 3935 1686 4005 φησιν,
1714 3933 1795 3989 ὅτι
1833 3935 1932 4006 οὐχ
1961 3935 2031 3992 ὥς
2066 3935 2309 4006 ἑπόμενον
2331 3937 2437 3992 τοῖς
2464 3939 2686 4009 πρώτοις
2722 3942 2875 3992 τοῦτο

571 4011 786 4086 εἴρηται,
841 4013 960 4069 ἀλλ’
1015 4015 1086 4072 ὡς
1142 4013 1517 4086 κεχωρισμένον
1562 4016 1643 4070 καὶ
1698 4013 1807 4071 καθ’
1864 4017 2013 4070 ἑαυτὸ
2066 4018 2358 4090 λεγόμενον·
2417 4015 2447 4086 ἦ
2494 4018 2551 4072 δὲ
2604 4022 2697 4072 τοῦ
2752 4021 2875 4075 Διὸς

573 4098 611 4124 “
632 4095 884 4150 ε’τελείετο
907 4094 1075 4165 βουλῆ
1094 4092 1130 4118 ”
1169 4099 1242 4170 τῷ
1263 4095 1384 4152 τοὺς
1405 4093 1702 4165 ἦδικηκότας
1720 4096 1870 4167 ἀξίαν
1883 4097 2060 4153 δοῦναι
2081 4097 2221 4168 δίκην
2236 4098 2308 4154 ὧν
2323 4096 2587 4168 ἠδίκησαν,
2610 4097 2738 4172 ὅπερ
2760 4100 2876 4156 ἐστὶ

565 4175 722 4234 τέλος
751 4179 816 4246 τῇ
852 4175 1046 4232 Ἰλιάδι.
1134 4174 1314 4234 Plura
1350 4175 1683 4236 adscribere
1708 4176 1873 4254 piget
1901 4221 1913 4234 .
1946 4221 1961 4236 .
1991 4219 2006 4236 .
2034 4175 2110 4236 Id
2138 4183 2297 4238 certo
2323 4177 2612 4236 affirmare
2639 4197 2875 4255 possum

568 4275 696 4315 esee
736 4259 1007 4330 συλλογὴν
1045 4276 1118 4314 ex
1158 4255 1340 4316 variis
1379 4257 1642 4336 antiquis
1682 4258 2147 4336 expositionibus
2188 4257 2511 4328 collectam,
2555 4279 2687 4318 cum
2720 4281 2877 4320 unus

567 4337 848 4414 idemque
875 4336 1046 4397 locus·
1051 4338 1252 4415 paucis
1268 4339 1514 4399 mutatis
1531 4339 1779 4401 subinde
1805 4347 2128 4418 repetatur,
2148 4346 2256 4401 aut
2276 4340 2539 4398 diversae
2558 4342 2876 4404 eorundem

563 4419 888 4479 verborum
926 4417 1245 4480 afferantur
1281 4421 1699 4499 explicationes
1737 4421 2056 4502 praemissa
2098 4442 2237 4482 voce
2279 4422 2486 4482 ἄλλως
2545 4443 2695 4502 quae
2741 4445 2876 4504 pro-

562 4499 704 4584 pria
729 4503 872 4560 nota
899 4505 987 4560 est
1015 4501 1531 4565 collectaneorum!

653 4583 678 4663 ,⁸
712 4581 810 4642 Cf.
837 4581 1095 4643 editores
1127 4583 1251 4644 Pal.
1284 4583 1410 4644 Soc.
1443 4587 1539 4664 67.
2230 4582 2255 4619 ¹
2294 4584 2547 4650 Ibidem.
