3325 5134
526 320 664 384 xxii
1419 321 1943 388 PRAEFATIO.

527 470 595 525 τὰ
621 469 723 542 γὰρ
749 467 852 524 dna
879 471 982 526 τὸν
1007 469 1240 540 θηλυκῶν
1267 463 1502 530 Ἰωνικῶς
1538 495 1631 544 με-
1730 471 2082 546 ’Ᾱρίσταρχον
2106 471 2189 527 καὶ
2208 468 2593 544 Ἀριστοφάνην
2610 467 2836 542 γράφειν

527 561 870 633 ταποιοῦμενα
914 564 988 623 εἷς
1027 565 1297 639 οὐδέτερον
1333 568 1485 641 γένος
1523 569 1632 640 φυ·
1734 569 1769 600 “
1784 566 1996 640 «παρειάςι
2012 561 2045 586 ”
2068 566 2168 621 σὺν
2193 568 2266 641 τῷ
2284 565 2344 631 ἲ,
2372 564 2547 635 ἐπειδὴ
2576 564 2659 619 καὶ
2686 567 2718 592 “
2734 584 2832 618 πα·

530 657 727 714 λεία-σει
765 660 857 714 τὸν
892 661 1048 714 αὐτὸν
1083 663 1246 730 τόνον,
1274 661 1304 731 ἦ
1331 663 1534 735 πλευρά
1567 662 1632 716 τὰ
1730 663 1915 737 ρειᾶων
1938 662 2185 718 ἁπαλάων
2197 655 2231 680 ”
2261 658 2405 734 λέγει
2431 655 2505 716 A.

531 753 749 822 πλευρά·
793 750 956 813 οὕτως
989 752 1082 811 οὖν
1121 751 1204 812 καὶ
1239 756 1301 812 τὸ
1341 753 1630 831 “napaei''

532 849 784 920 παρῆκται
811 846 879 906 Β.
1001 907 1009 915 ,

623 942 756 1000 126.
819 942 1045 1000 δίπλακα
1095 939 1413 1025 μαρμαρέην]
1449 987 1464 1004 .
1493 989 1508 1006 .
1537 989 1552 1005 .
1583 948 1637 1002 a!
1817 947 2039 1003 δίπλακα
2090 937 2409 1024 μαρμαρέην]
2460 943 2544 999 καὶ
2596 945 2649 998 αἶ
2695 941 2837 1016 Ἀρι·-

533 1038 701 1093 πᾶσαι
748 1037 806 1092 δέ
863 1039 898 1066 “
914 1041 1219 1112 πορφυρέην
1233 1036 1266 1060 ”
1325 1036 1484 1113 εἶχον·
1555 1042 1639 1096 καὶ
1739 1041 1973 1114 στάρχου
2010 1040 2091 1095 καὶ
2126 1040 2159 1110 ἡ
2197 1041 2481 1110 Ζηνοδότου
2516 1037 2599 1093 καὶ
2636 1036 2667 1106 ἦ
2696 1036 2839 1110 Ἀρι-

535 1131 654 1186 ἔστι
717 1132 952 1207 συνῳδὸν
1013 1137 1088 1209 τῷ
1154 1135 1188 1164 “
1205 1135 1442 1206 ἰοδνεφὲς
1503 1130 1640 1207 εἶρος
1739 1135 2037 1208 στοφάνους
2094 1135 2129 1164 “
2148 1133 2450 1207 πορφυρέην
2469 1128 2502 1153 ”
2563 1128 2723 1204 εἶχον,
2778 1131 2841 1186 οὗ

537 1225 736 1296 ἔχουσα
753 1222 788 1245 ”
816 1227 899 1282 καὶ
932 1227 968 1258 “
983 1224 1137 1301 φάρε’
1176 1229 1488 1301 ὑφαίνουσιν
1523 1233 1638 1284 ἀλι-
1742 1229 1778 1259 “
1793 1228 2104 1301 μαρμαρέην·
2122 1224 2157 1248 ”
2202 1228 2283 1283 καὶ
2320 1227 2435 1282 ἔστι
2474 1225 2839 1298 πρεπωδέστε-

537 1317 787 1394 πόρφνρα
803 1315 841 1344 ”
869 1319 936 1378 Τ.
1738 1337 1846 1396 ρον·
1890 1323 1971 1378 καὶ
2002 1323 2103 1396 γὰρ
2140 1322 2223 1379 ε’πὶ
2250 1323 2355 1378 τῶν
2390 1321 2604 1392 νυμφῶν
2630 1322 2665 1352 “
2682 1316 2839 1392 φάρε’

623 1456 637 1471 .
661 1455 675 1470 .
701 1457 715 1472 .
737 1416 970 1491 συνῳδὸν
997 1417 1053 1471 δὲ
1074 1419 1230 1472 τοῦτο
1254 1419 1326 1492 τῷ
1351 1418 1387 1447 “
1405 1417 1642 1490 ίοδνεφές
1740 1417 2051 1491 ὑφαίνουσιν
2077 1417 2411 1490 ἁλιπόρφυρα
2426 1411 2457 1435 ”
2489 1409 2565 1473 A.

539 1503 674 1581 εἶρος
693 1509 892 1580 ἔχουσα
908 1505 942 1530 ”
965 1509 1046 1565 καὶ
1062 1514 1136 1586 τῷ
1167 1511 1362 1585 “φάρε’
1393 1511 1642 1584 ὑφαίνου-

541 1623 631 1658 σιν
655 1604 988 1676 ἁλιπόρφυρα
1003 1599 1037 1623 ”
1066 1601 1135 1662 Β.

1657 1737 1731 1798 V.

629 1853 764 1928 368.
807 1849 914 1911 οὐδ’
934 1857 1127 1922 ἔβαλόν
1151 1852 1265 1939 μιν]
1295 1861 1461 1915 πᾶσαι
1484 1860 1646 1915 “οὐδε“
1828 1855 1939 1916 οὐδ’
1973 1859 2167 1927 ἔβαλόν
2201 1852 2315 1938 μιν]
2352 1856 2530 1918 οὕτως·
2564 1856 2851 1931 Ἀμμώνιοι·

544 1947 942 2022 δάμασ<σ)α.”
1005 1949 1053 2025 ᾗ.
1083 1954 1342 2027 γράφεται
1363 1955 1454 2017 καὶ
1480 1957 1514 1986 “
1536 1953 1645 2010 οὐδ’
1747 1955 1803 2010 ἐν
1843 1959 1917 2030 τῷ
1953 1957 2085 2028 πρὸς
2124 1950 2437 2024 Ἀθηνοκλέα
2485 1955 2851 2028 συγγράμματι

541 2047 738 2114 ἔβαλόν
761 2043 889 2116 μιν”
934 2045 1000 2106 Τ.
1747 2051 1937 2120 ὁμοίως
1975 2044 2115 2120 εἶχεν
2156 2051 2191 2077 “
2208 2043 2319 2103 οὐδ’
2364 2049 2655 2120 ἐδάμασσα·
2668 2046 2699 2072 ”
2769 2049 2853 2102 καὶ

1748 2143 1863 2197 ἔστι
1890 2142 2115 2212 συνᾷδον
2139 2143 2249 2197 τοῖς
2273 2143 2571 2214 λεγομένοις
2599 2143 2856 2213 πρῶ-ερον

1746 2236 1849 2291 ὑπὸ
1884 2239 1977 2290 τοῦ
2006 2234 2273 2290 Μενελάου
2305 2237 2341 2267 “
2357 2235 2469 2290 δῖον
2492 2233 2852 2307 Ἀλέξανδρον,

1748 2329 1831 2384 καὶ
1858 2330 1983 2400 ἐμῇς·
2008 2329 2108 2385 ὑπὸ
2134 2329 2293 2401 χερσὶ
2322 2329 2537 2399 δαμῆναι
2552 2326 2585 2352 ”
2628 2323 2703 2390 A.

651 2501 930 2576 Eadem
961 2527 1120 2577 esse
1146 2497 1226 2576 in
1253 2499 1314 2576 T
1341 2506 1418 2576 et
1453 2499 1520 2574 B
1555 2498 1835 2576 schoiia
1862 2498 1989 2574 illa·
2013 2499 2267 2575 critica
2296 2499 2495 2575 ultro
2523 2499 2851 2600 adparet.

551 2617 949 2693 Consentit
1009 2619 1071 2692 T
1123 2618 1357 2695 etiam
1415 2643 1587 2692 cum
1645 2617 1735 2708 A,
1800 2626 2055 2692 tamen
2113 2643 2405 2717 semper
2467 2617 2622 2692 fere
2684 2643 2855 2692 cum

549 2732 1004 2810 interlineari
1065 2735 1248 2834 (Αῆ)
1319 2741 1392 2810 et
1458 2734 2050 2834 intermarginali
2100 2733 2265 2835 (At)
2336 2732 2846 2811 adnotatione:

550 2878 700 2951 quo
735 2877 1093 2927 consensu
1129 2850 1332 2953 origo
1368 2851 1626 2926 eadem
1660 2851 1997 2930 efficitur.

655 2968 817 3044 Iam
868 2995 1115 3044 meum
1169 2977 1367 3044 esset
1418 2968 1510 3044 de
1561 2968 1857 3044 scholiis
1904 2967 2309 3070 exegeticis
2364 2967 2605 3070 qualis
2662 2967 2862 3046 inter

553 3083 624 3159 Β
649 3084 710 3159 Τ
761 3095 842 3161 et
881 3087 948 3160 A
999 3085 1462 3162 necessitudo
1519 3085 1934 3163 intercedat
1993 3085 2398 3186 explorare,
2463 3087 2861 3162 dummodo

551 3201 906 3278 hodierno
939 3201 1124 3277 illud
1163 3203 1531 3303 adparatu
1565 3201 1731 3278 fieri
1768 3213 2031 3304 posset.
2090 3204 2369 3281 Verum
2404 3203 2631 3277 donec
2663 3203 2865 3277 iusta.

555 3319 994 3394 scholiorum
1021 3325 1094 3393 D
1120 3320 1443 3395 recensio
1471 3319 1949 3408 desideratur,
1977 3321 2084 3394 rei
2110 3345 2475 3393 summam
2502 3319 2864 3393 indicasse

555 3435 884 3512 sufficere
952 3436 1198 3511 debet.
1322 3436 1694 3511 Teneatur
1745 3437 1985 3536 igitur
2036 3461 2382 3535 magnam
2432 3433 2559 3508 vel
2610 3435 2865 3534 potius

557 3551 956 3626 maximam
989 3551 1430 3627 redactionis
1467 3551 1540 3625 D
1575 3561 1867 3652 partem
1899 3551 2267 3626 codicibus
2299 3549 2366 3622 A
2395 3550 2461 3624 B
2490 3551 2551 3624 Τ
2586 3550 2862 3629 iterari.

1640 3855 1771 3932 IV.

659 4001 857 4081 Nolo
891 4011 1144 4080 tamen
1177 4003 1522 4080 futurum
1557 4004 2005 4081 scholiorum
2027 4006 2095 4081 D
2123 4008 2485 4086 editorem
2521 4010 2869 4091 subsidiis

559 4121 850 4198 duobus
881 4121 1206 4196 fraudari
1249 4148 1488 4222 nuper
1519 4149 1566 4197 a
1597 4148 1717 4199 me
1751 4126 2085 4225 repertis,
2123 4153 2315 4227 quae
2348 4129 2547 4205 inter
2579 4157 2666 4206 ea
2698 4159 2868 4206 con-

560 4239 718 4316 loco
774 4238 1044 4337 quibus
1103 4239 1315 4339 quasi
1373 4238 1879 4317 fundamentis
1927 4270 2122 4321 nova
2172 4247 2492 4323 recensio
2540 4249 2871 4325 inaedifi-

563 4355 799 4430 canda
834 4362 966 4429 est.
2064 4356 2070 4364 ’

673 4495 734 4547 1.
785 4469 980 4546 Puto
1015 4472 1212 4550 enim
1239 4483 1629 4554 vetustum
1664 4505 1727 4557 s,
1766 4477 2057 4556 X—XI
2092 4481 2415 4558 codicem
2450 4509 2545 4558 ex
2580 4482 2869 4578 duobus

563 4586 999 4689 fragmentis
1067 4589 1302 4670 altero
1389 4596 1726 4673 Romano
1796 4597 2229 4675 Matritensi
2304 4600 2539 4677 altero
2605 4602 2870 4702 refingi
