3325 5134
1349 335 1875 402 PRAEFATIO.
2676 357 2765 402 xv

556 508 652 583 In
701 506 1128 585 adornando
1183 508 1621 584 recensendo
1682 506 2141 584 emendando
2200 514 2426 582 textu
2482 506 2763 582 socium

453 624 706 716 habui,
744 653 892 727 quo
930 626 1325 725 gratiorem
1361 624 1546 700 mihi
1579 634 1660 700 et
1692 625 2225 726 promptiorem
2259 651 2407 699 non
2442 621 2762 700 inveniri

453 746 802 846 spondeo,
839 746 1560 834 WinAMowrrsz,
1603 743 1817 819 cuius
1856 743 2167 819 inventa
2200 741 2295 820 W
2330 741 2585 819 littera
2616 741 2763 844 sig-

453 863 768 942 nificavi.
876 862 1253 940 Teneatur
1302 861 1397 938 ad
1457 889 1710 938 omnes
1759 861 2088 938 muneris
2140 861 2285 937 mei
2334 871 2583 962 partes
2633 888 2763 937 ex-

451 981 867 1082 sequendas
952 979 1337 1081 aliquanto
1423 978 1596 1079 plus
1679 977 2119 1054 indefessam
2200 975 2761 1054 Wilamowiizii

453 1099 879 1175 societatem
911 1095 1236 1175 valuisse
1272 1123 1498 1198 quam
1535 1095 1823 1198 aperire
1858 1122 1999 1198 ego
2038 1095 2435 1198 potuerim.

1549 1455 1655 1531 II.

553 1645 634 1722 Si
697 1670 830 1745 per
884 1669 1004 1720 me
1064 1643 1422 1732 stetisset,
1481 1641 1767 1716 Lehrsii
1827 1641 1923 1718 de
1981 1641 2245 1720 horum
2316 1643 2760 1722 scholiorum

453 1761 868 1837 inutilitate
903 1759 1262 1835 iudicium
1301 1758 1440 1834 hac
1486 1758 1950 1859 praefatione
2000 1787 2148 1837 non
2200 1789 2316 1838 am
2325 1761 2519 1863 plius
2568 1790 2763 1840 com-

452 1904 992 1967 memorassem,
1025 1877 1410 1976 quoniam
1479 1873 1670 1952 illud
1737 1877 1919 1952 satis
1989 1871 2147 1953 esse
2216 1878 2560 1979 iniquum
2626 1907 2764 1956 nec

451 1993 840 2072 ferendum
907 2021 1000 2070 ex
1069 1993 1506 2071 correctiore
1576 2020 1805 2094 quam
1867 1993 2170 2070 Lehrsio
2236 2005 2533 2095 praesto
2600 2006 2762 2074 erat

449 2112 718 2216 codicis
775 2112 846 2188 V
900 2113 1175 2189 notitia
1233 2137 1510 2212 aequos
1578 2111 1845 2188 harum
1905 2137 2155 2188 rerum
2214 2113 2759 2190 existimatores

451 2229 860 2332 consentire
937 2227 1270 2306 viderem
1293 2236 1316 2276 ¹
1387 2239 1468 2304 et
1550 2231 1763 2306 novis
1850 2229 2219 2330 certisque
2303 2233 2762 2332 argumentis

447 2373 692 2448 nuper
723 2348 884 2448 ipse
935 2373 1029 2422 ex
1082 2345 1577 2446 Townleyano
1627 2347 2090 2448 depromptis
2138 2345 2759 2425 confirmavissem

450 2461 742 2559 (Herm.
771 2462 958 2538 XIX
996 2490 1067 2563 p.
1099 2467 1240 2560 568
1271 2463 1488 2563 sqq.).
1572 2464 1675 2539 Et
1707 2462 2101 2539 videbatur
2133 2463 2319 2539 mihi
2356 2464 2437 2540 in
2470 2465 2756 2542 Lehrsii

449 2577 878 2656 memoriam
923 2580 1261 2680 impium.
1366 2581 1644 2656 Tamen
1694 2580 1968 2656 iterum
2003 2581 2097 2658 de
2129 2581 2524 2658 manifesta
2556 2610 2635 2659 re
2670 2592 2759 2661 ut

447 2696 692 2772 invito
741 2696 1127 2772 dicendum
1162 2696 1284 2788 sit,
1323 2695 1680 2772 iniuriosa
1728 2697 2056 2774 convicia
2103 2698 2588 2800 propulsandi
2638 2727 2760 2776 ex-

448 2814 674 2889 torsit
708 2813 1128 2890 necessitas.
1231 2814 1497 2914 Itaque
1536 2823 1551 2852 ‘
1575 2814 1863 2890 nullum
1898 2842 2133 2891 unum
2165 2816 2478 2892 verbum
2505 2816 2760 2894 Victo-

449 2929 656 3004 riano
681 2929 1017 3031 (eiusque
1036 2929 1281 3030 sociis)
1305 2931 1752 3007 credendum
1778 2959 1935 3008 esse
1950 2925 1965 2959 ³
1980 2959 2145 3008 cum
2167 2931 2520 3008 Lehrsius
2540 2959 2759 3036 prop-

451 3057 568 3122 ter
601 3045 960 3124 nonnulla
994 3047 1424 3124 scholiastae
1459 3057 1706 3125 errata
1748 3048 2223 3126 conclusisset
2269 3039 2758 3151 (Aristaroh.'2

453 3193 524 3264 p.
587 3190 630 3260 3
647 3165 738 3266 1),
808 3166 1174 3242 mordicus
1244 3165 1383 3242 hoc
1449 3176 1699 3268 tenet·
1739 3167 2219 3243 Ludwichius
2305 3167 2759 3266 (Aristarchs

453 3281 885 3386 Textkritik
937 3281 978 3356 Ι
1025 3310 1099 3384 p.
1146 3288 1242 3359 88
1295 3284 1492 3385 sqq.)
1535 3284 1891 3385 piumque
1944 3284 2167 3362 duxit
2216 3285 2759 3364 incredulorum

453 3401 928 3501 pertinaciam
979 3427 1143 3476 cum
1195 3400 1705 3502 indignatione
1756 3402 2136 3504 castigare.
2242 3401 2402 3504 Ego
2438 3403 2569 3504 qui
2620 3403 2755 3480 illo

455 3517 744 3592 Lehrsii
811 3516 1086 3593 iudicio
1164 3517 1651 3620 multiplicem
1721 3517 1946 3596 huius
2012 3520 2281 3596 codicis
2348 3520 2758 3598 utilitatem

456 3643 734 3735 quanto
765 3634 1188 3711 litterarum
1236 3634 1504 3713 damno
1552 3636 2148 3737 praecluderetur
2195 3647 2561 3739 perpetuo
2610 3665 2755 3716 usu

457 3751 887 3842 didicissem,
958 3750 1477 3829 Ludwichium
1546 3753 1836 3830 duobus
1902 3755 2361 3856 argumentis
2429 3755 2541 3832 ita
2604 3756 2757 3833 fere

456 3869 818 3971 redargui.
919 3869 1005 3947 Si
1036 3869 1206 3970 quis
1249 3869 1432 3946 testi
1471 3879 1491 3911 ‘
1512 3871 1799 3947 nullum
1852 3898 2086 3946 unum
2118 3872 2427 3949 verbum
2462 3873 2761 3950 creden·

456 3985 633 4060 dum
660 3987 840 4062 esse’
878 3986 1175 4064 fortiter
1207 3987 1705 4080 adseveravit,
1732 3987 1825 4064 ab
1858 4014 1944 4064 eo
1986 3995 2187 4065 certe
2220 3987 2754 4092 postulandum

457 4111 590 4193 est,
631 4129 722 4178 ne
754 4103 912 4204 ipse
947 4104 1104 4180 sine
1146 4105 1460 4181 aliorum
1511 4105 1873 4206 praesidio
1921 4106 2106 4183 testi
2155 4106 2393 4182 eidem
2425 4132 2758 4207 unquam

455 4218 794 4298 confidat.
881 4220 1244 4322 Alioquin
1276 4233 1619 4323 apertum
1653 4233 1789 4314 est,
1816 4223 2103 4301 conlabi
2140 4221 2328 4298 illud
2360 4222 2560 4322 quod
2595 4223 2759 4324 ipse

457 4336 890 4414 adfirmavit.
995 4339 1158 4416 Hoc
1210 4339 1306 4416 ad
1355 4337 1869 4418 Ludwichium
1922 4339 2293 4430 transtuli,
2329 4365 2498 4415 cum
2549 4340 2762 4416 scho-

457 4542 570 4681 αὼῑ,
598 4541 708 4603 Ex.
733 4563 824 4622 gr.
852 4543 924 4605 cf.
944 4543 1192 4606 Roemer
1208 4543 1610 4626 Sitzungsber.
1639 4543 1699 4609 d.
1728 4495 1903 4626 Bayr.
1921 4543 2039 4608 Ak.
2068 4543 2127 4608 d.
2154 4541 2329 4607 Wiss.
2365 4547 2519 4620 1884
2548 4565 2606 4627 p.
2640 4563 2755 4624 311

1191 4699 1276 4787 ἑ.
