3325 5134
523 291 634 357 xiv
879 223 914 256 ο
1415 290 1944 357 PRAEFATIO.

511 463 692 541 bitu
765 463 1164 564 diligenter
1217 462 1622 543 observate.
1732 463 2348 544 Emendationem
2405 463 2831 566 frequenter

521 580 918 658 admodum
945 581 1410 682 periclitatus
1437 609 1634 658 sum:
1672 587 1888 659 tanta
1912 583 2479 684 depravatorum
2506 581 2832 659 locorum

522 699 732 800 copia
763 699 1226 800 suppetebat.
1305 698 1642 776 Increbui
1649 709 1687 776 t
1720 711 1973 779 autem
2006 701 2155 778 ista
2188 698 2619 802 depravatio
2653 723 2829 776 casu

522 827 598 893 et
653 843 784 917 per
826 817 1226 892 scribarum
1274 816 1871 917 imprudentiam,
1909 844 2057 894 non
2091 816 2481 896 voluntate
2531 825 2613 892 et
2669 841 2831 918 per-

519 934 682 1010 dito
749 934 1068 1035 quodam
1151 935 1662 1035 corrumpendi
1744 961 2005 1012 amore.
2142 934 2528 1010 Permulta
2595 934 2831 1034 igitur

519 1049 939 1128 litterarum
963 1051 1210 1152 apices
1227 1050 1560 1126 rimando
1587 1052 1681 1126 ab
1710 1051 1873 1127 aliis
1900 1052 2113 1128 velut
2146 1052 2483 1130 Bekkero
2518 1051 2827 1152 ipsoque

519 1196 642 1247 me
690 1179 891 1246 certo
942 1179 1078 1244 aut
1128 1166 1613 1269 probabiliter
1664 1179 1933 1246 sanata
1981 1181 2179 1260 sunt,
2212 1169 2626 1271 supplendo
2676 1168 2827 1244 alia

519 1313 654 1363 nec
687 1313 924 1387 pauca
955 1285 1624 1386 redintegravimus
1656 1314 1676 1377 ;
1730 1286 2010 1363 acriora
2054 1288 2379 1363 remedia
2428 1313 2662 1389 paene
2713 1286 2827 1360 in-

518 1403 726 1480 vitus
790 1404 872 1478 in
939 1402 1420 1479 adnotatione
1480 1428 2013 1504 nonnunquam
2080 1403 2359 1481 obtuli:
2441 1430 2635 1503 quae
2704 1401 2829 1478 de·

511 1529 816 1620 sperata
864 1519 1317 1609 viderentur,
1375 1545 1629 1596 eorum
1692 1520 2014 1620 plurima
2057 1521 2333 1598 ibidem
2392 1521 2549 1598 sive
2610 1521 2824 1622 signo

517 1636 1118 1737 interrogationis
1179 1637 1274 1735 (Ξ)
1335 1637 1491 1712 sive
1543 1638 1823 1736 apertis
1875 1637 2119 1714 verbis
2178 1639 2545 1717 indicavi:
2632 1663 2825 1739 quae

515 1753 645 1828 alii
707 1753 933 1828 velim
1000 1752 1422 1854 expediant.
1549 1755 1661 1831 Ut
1726 1754 1823 1830 ad
1892 1755 2109 1856 signa
2176 1756 2477 1832 veniam
2545 1755 2824 1857 partim

514 1871 836 1971 margini
869 1897 914 1946 a
947 1897 1066 1946 me
1100 1870 1399 1972 adpicta
1429 1870 1705 1972 partim
1756 1872 1836 1946 in
1881 1882 2181 1950 textum
2228 1874 2525 1963 inserta,
2562 1873 2656 1950 de
2704 1871 2847 1946 his‘

513 1988 840 2065 breviter
865 1988 1253 2065 dicendum
1275 1998 1414 2080 est,
1445 1988 1584 2064 soli
1609 2016 1698 2066 ea
1726 1987 2021 2067 lectoris
2046 1991 2424 2067 commodo
2450 1991 2823 2066 destinata

504 2133 698 2186 esse.
781 2107 976 2182 Nam
1017 2133 1186 2182 cum
1238 2107 1730 2182 necessarium
1762 2107 1865 2182 sit
1898 2133 2046 2182 non
2098 2108 2306 2208 prius
2356 2107 2653 2184 scholiis
2703 2106 2821 2183 uti

517 2223 955 2311 Homericis,
989 2248 1213 2322 quam
1247 2223 1693 2322 comparatis
1721 2223 1918 2298 inter
1940 2250 2024 2298 se
2050 2233 2130 2299 et
2162 2223 2532 2324 suppletis
2566 2223 2819 2322 singu·-

504 2339 606 2414 lis
653 2338 1024 2415 codicibus
1057 2337 1542 2438 archetypum
1580 2339 2067 2429 renovaveriS,
2101 2341 2429 2441 pupugit
2462 2339 2817 2429 animum,

513 2455 712 2556 quod
763 2463 1071 2556 propter
1119 2454 1390 2530 edendi
1432 2481 1712 2530 morem
1768 2455 2155 2547 Dindorfii,
2192 2456 2321 2556 qui
2374 2457 2495 2532 vel
2544 2454 2821 2534 scholia

509 2579 766 2673 aperte
802 2572 999 2646 inter
1043 2598 1123 2648 se
1161 2571 1403 2648 aliena
1436 2581 1514 2648 et
1549 2571 1684 2648 vix
1734 2571 1999 2649 leviter
2046 2573 2130 2650 in
2177 2572 2547 2650 codicibus
2596 2601 2823 2675 copu-

511 2690 667 2766 lata
701 2689 1086 2766 dissociare
1121 2688 1666 2791 supersedebat,
1700 2701 1947 2767 rectus
1982 2691 2425 2769 scholiorum
2461 2719 2639 2769 usus
2674 2691 2819 2768 nisi

510 2833 780 2910 magno
847 2807 1201 2908 temporis
1269 2806 1715 2884 detrimento
1772 2809 2167 2910 taedioque
2225 2809 2500 2886 maiore
2558 2808 2823 2884 redimi

500 2953 660 3001 ‘non
694 2931 956 3026 potest.
1064 2922 1572 3025 Townleyana
1604 2925 1842 3026 igitur
1875 2936 1966 3003 ut
1998 2928 2214 3029 potui
2263 2925 2574 3004 discrevi
2608 2927 2821 3028 signo

509 3041 544 3142 ᾖ
606 3041 1073 3118 Boeckhiano
1143 3041 1577 3144 simpliciter
1628 3043 2037 3135 interiecto,
2090 3045 2291 3146 quod
2340 3045 2483 3121 sibi
2530 3045 2822 3120 auferat

509 3159 838 3235 addatve
882 3159 1000 3235 cui
1048 3185 1237 3260 opus
1282 3159 1704 3240 videbitur:
1763 3190 1935 3238 nam
1986 3162 2288 3240 dubiam
2336 3163 2556 3238 modo
2604 3161 2822 3237 modo

497 3279 668 3355 sere
735 3288 1012 3354 certam
1079 3278 1410 3355 intuenti
1477 3280 1947 3379 quorundam
2012 3279 2451 3358 scholiorum
2535 3304 2819 3378 compo-

501 3398 858 3473 ·sitionem
898 3395 1130 3472 videri
1167 3396 1370 3472 varie
1405 3406 1761 3497 expertus
1793 3395 2037 3474 didici.
2143 3395 2437 3473 Deinde
2485 3394 2818 3469 taedium

509 3515 657 3590 vici
707 3524 786 3590 et
833 3513 1151 3615 margini
1203 3513 1577 3613 adscripsi,
1611 3522 1871 3590 utrum
1914 3511 2087 3588 libri
2123 3511 2189 3584 A
2226 3519 2307 3586 et
2340 3510 2407 3585 B
2444 3509 2818 3588 Dindorfii

511 3631 680 3731 plus
740 3629 1064 3706 habeant
1127 3631 1282 3730 (÷)
1335 3657 1434 3705 an
1483 3631 1731 3706 minus
1785 3629 1943 3732 (—)
1994 3657 2091 3705 an
2151 3627 2497 3729 legantur
2546 3627 2819 3709 similia

511 3747 624 3847 (ω
644 3746 698 3847 ).
800 3747 1044 3848 Aegre
1093 3746 1551 3824 conserendis
1601 3745 2001 3822 Eustathio
2052 3755 2135 3844 et
2183 3743 2477 3822 scholiis
2521 3744 2589 3819 D
2624 3772 2817 3845 quae

511 3864 796 3939 minora
852 3863 1206 3940 dicuntur
1253 3863 1602 3956 abstinui,
1655 3863 1773 3939 his
1821 3862 2001 3964 quia
2049 3862 2247 3942 iusta
2296 3861 2509 3946 deest
2558 3861 2811 3954 editio,

513 3979 930 4074 Eustathio‚
967 3981 1144 4080 quia
1178 4008 1370 4081 quae
1409 3980 1629 4056 hodie
1671 3980 1870 4057 solus
1903 3980 2170 4057 testari
2206 3979 2445 4057 fertur
2477 4006 2566 4057 ea
2610 4007 2815 4082 mag-

511 4125 683 4174 nam
715 4107 1004 4200 partem
1025 4099 1172 4174 scio
1193 4099 1355 4174 aliis
1378 4097 1824 4174 scholiorum
1848 4125 1934 4174 ac
1952 4097 2273 4173 vetustis
2296 4097 2663 4174 codicibus
2683 4124 2815 4199 per

510 4213 984 4305 bibliothecas
1019 4214 1364 4316 dispersis
1399 4215 1815 4317 propagari.
1876 4211 2199 4291 Escorial
2207 4215 2401 4290 ensis
2427 4214 2823 4291 Laurenti·'

509 4360 696 4407 anus
733 4332 1195 4432 Harleyanus
1229 4331 1362 4407 alii
1393 4332 1780 4432 siquando
1816 4331 2223 4409 examinati
2256 4339 2332 4408 et
2356 4358 2506 4431 qua
2539 4358 2672 4430 par
2695 4340 2811 4408 est

496 4449 899 4551 ‘diligentia
921 4448 1230 4551 expilati
1251 4458 1497 4540 erunt,
1517 4449 1673 4526 fore
1698 4475 2024 4550 auguror
2034 4458 2124 4525 ut
2135 4449 2521 4532 Homerica
2542 4449 2813 4528 Eusta-

509 4567 653 4644 thii
685 4567 924 4644 rarius
958 4566 1201 4646 multo
1233 4567 1439 4645 adire
1473 4568 1695 4646 liceat
1729 4593 1952 4668 quam
1988 4566 2207 4644 hodie
2242 4563 2687 4650 conceditur.
2874 4565 2881 4573 ’
