3325 5134
1413 331 1937 400 PRAEFATIO.
2716 334 2833 399 xiii

521 500 1020 601 Townleyano
1091 495 1402 578 salutem
1463 497 1637 580 huic
1698 503 2117 605 quaestioni
2184 529 2303 581 me
2370 513 2833 605 exspectasse

515 619 777 694 fateor.
880 616 1150 719 Itaque
1217 646 1386 694 cum
1453 648 1586 720 per
1653 621 2003 697 eximiam
2073 621 2527 698 Mmmmm
2593 622 2833 698 nostri

519 734 940 811 Bonvssch
999 736 1202 835 quod
1258 736 1498 812 cultui
1558 748 1855 839 praeest
1902 737 2483 815 munificentiam
2534 738 2717 814 mihi
2767 763 2829 818 a.

525 877 562 926 1
575 857 718 928 882
757 851 1084 927 adeundi
1118 853 1392 928 Aratea
1425 854 1762 931 Parisina
1795 864 1876 930 et
1913 853 2345 932 Britannica
2376 856 2587 956 copia
2616 856 2833 933 fieret

501 968 740 1070 ‘isque
807 969 1015 1044 labor
1081 996 1212 1071 spe
1262 971 1568 1047 celerius
1634 972 2017 1048 confectus
2084 979 2281 1050 esset
2302 981 2349 1064 ¹,
2417 974 2499 1048 in
2564 973 2831 1050 Museo

521 1085 953 1163 Britannico
1006 1087 1299 1162 consedi
1349 1115 1481 1188 per
1529 1115 1662 1166 sex
1711 1115 1998 1165 menses
2046 1089 2458 1180 continuos,
2507 1090 2831 1167 codicem

511 1212 808 1302 quanta
868 1203 1082 1304 potui
1154 1202 1302 1280 fide
1360 1232 1610 1281 meum
1681 1206 1763 1282 in
1812 1233 2035 1282 usum
2102 1205 2485 1307 descripsi.
2608 1207 2832 1300 Quod

503 1319 646 1395 ·vel
714 1329 889 1421 post
957 1320 1324 1396 Dindorfii
1389 1321 1859 1400 collationem
1927 1349 2191 1424 operae
2262 1324 2419 1400 fore
2499 1324 2829 1425 pretium

501 1436 794 1528 censui,
835 1437 1191 1538 siquidem
1241 1465 1335 1514 ex
1383 1439 1479 1515 iis
1531 1467 1723 1540 quae
1772 1441 2048 1542 passim
2097 1441 2196 1517 ad
2234 1440 2309 1516 A
2355 1441 2419 1515 B
2474 1441 2831 1517 adnotata

503 1554 844 1654 legeram
926 1564 1108 1631 tunc
1171 1555 1361 1632 male
1429 1556 1523 1632 de
1591 1584 1680 1635 ea
1756 1557 2337 1634 existimandum
2406 1557 2823 1636 videbatur.

514 1671 750 1764 Quod
779 1697 984 1748 secus
1017 1699 1174 1748 esse
1207 1683 1466 1773 postea
1496 1676 1859 1776 perspexi.
1967 1675 2335 1751 Reversus
2374 1674 2454 1749 in
2506 1676 2829 1776 patriam

512 1787 875 1865 defuncto
908 1790 1214 1866 interim
1251 1790 1634 1867 Dindorfio
1675 1793 2090 1894 impetravi,
2129 1801 2220 1868 ut
2252 1791 2521 1868 edendi
2555 1791 2825 1868 codicis

501 1904 842 1981 officium
907 1907 1095 1982 mihi
1153 1935 1200 1982 a
1268 1908 1660 2010 Delegatis
1728 1909 2223 1986 mandaretur.
2328 1909 2531 1985 Usus
2562 1945 2567 1950 ·
2596 1909 2829 1985 etiam

513 2049 690 2098 sum
739 2023 1130 2102 collatione
1178 2025 1572 2118 Monronis‚
1611 2053 1838 2128 quem
1893 2052 2279 2126 nunquam
2329 2051 2483 2100 non
2530 2025 2829 2101 honoris

511 2165 742 2216 causa
768 2142 1082 2232 nominc,
1111 2138 1335 2244 idque
1372 2143 1484 2220 ita
1515 2154 1606 2219 ut
1641 2129 2235 2245 quotiescunque
2268 2141 2364 2218 ab
2400 2141 2827 2243 apographo

504 2284 687 2333 meo
720 2257 1139 2336 discederet
1169 2261 1354 2336 meis
1389 2288 1526 2362 ego
1561 2261 1795 2337 oculis
1828 2259 2192 2337 confidere
2232 2257 2552 2337 mallem.

623 2375 1148 2454 Recensionem
1225 2404 1465 2454 meam
1547 2378 1751 2455 iusta
1832 2377 2310 2454 adnotatione
2394 2376 2649 2453 critica
2731 2402 2826 2452 ex

505 2494 781 2570 ceteris
857 2493 1225 2572 codicibus
1307 2494 1804 2596 subsidiisque
1888 2495 2305 2580 Homericis
2388 2495 2825 2571 concinnata

495 2613 863 2688 instruxi.
987 2611 1060 2688 N
1060 2640 1142 2690 ec
1205 2621 1461 2690 tamen
1539 2638 1833 2688 omnem
1902 2612 2344 2688 varietatem
2420 2610 2825 2713 subscripsi

507 2729 823 2830 —quod
880 2729 959 2804 in
1011 2729 1128 2805 his
1185 2729 1482 2806 scholiis
1532 2728 1935 2806 absurdum
1991 2735 2547 2805 esset—verum
2596 2754 2825 2828 quan-

505 2858 688 2922 tum
737 2846 859 2923 vel
917 2847 1408 2923 necessarium
1461 2845 1582 2922 vel
1634 2846 1827 2922 utile
1879 2845 2062 2922 mihi
2109 2847 2487 2922 videretur
2546 2845 2825 2944 selegi;

507 2966 738 3066 signa
785 2963 916 3039 illa
966 2964 1346 3065 exegetica
1378 2991 1570 3064 quae
1613 2964 1841 3040 etiam
1884 2965 1965 3038 in
2000 2963 2067 3039 B
2102 2961 2587 3038 inveniuntur
2617 2987 2825 3062 prae·

509 3081 806 3157 termisi
832 3089 910 3172 ²3
981 3080 1257 3158 scholia
1312 3080 1632 3156 secunda
1691 3090 1770 3157 et
1828 3081 2235 3157 recentiora
2293 3080 2371 3155 in
2422 3077 2823 3156 voluminis

491 3199 826 3277 alterius
858 3199 1257 3301 appendice
1290 3197 1771 3275 consocianda
1802 3198 2088 3300 putavi,
2109 3223 2257 3299 quo
2292 3195 2587 3273 facilius
2619 3196 2822 3274 unde

493 3317 1033 3418 ‘provenissent
1099 3315 1506 3418 patefieret.
1628 3314 2141 3390 Interlinearia
2210 3311 2506 3390 stellula
2574 3313 2641 3404 *,
2711 3312 2825 3388 in-

509 3434 1076 3536 termarginalia
1093 3443 1123 3483 ³
1181 3459 1372 3535 quae
1440 3441 1805 3509 vocantur
1874 3433 2272 3534 geminatis
2338 3428 2655 3507 stellulis
2692 3428 2734 3475 *
2776 3428 2821 3478 *

512 3579 566 3628 a
631 3551 1158 3652 marginalibus
1227 3550 1564 3642 distinxi,
1637 3550 1990 3652 quoniam
2058 3549 2231 3628 sciri
2294 3549 2604 3624 interest
2674 3572 2825 3647 quo

509 3668 851 3770 quidque
905 3670 1221 3771 paginae
1273 3668 1430 3744 loco
1490 3667 1811 3770 legatur.
1917 3665 2455 3768 Supplementa
2522 3691 2686 3742 mea
2745 3673 2826 3741 et

505 3785 830 3862 aliorum
854 3785 1192 3863 cancellis
1233 3795 1271 3880 <
1317 3793 1354 3878 >
1396 3783 1663 3861 inclusi
1685 3793 1735 3878 ⁴,
1760 3810 1954 3887 quae
1979 3784 2291 3860 delenda
2314 3783 2657 3860 ducerem
2687 3781 2717 3883 [
2766 3780 2821 3883 ],

506 3929 710 4005 quae
761 3910 1229 3980 evanuerunt
1261 3901 1386 3979 vel
1435 3928 1642 3980 erasa
1677 3903 1858 3980 sunt
1895 3905 1927 4002 s
1999 3905 2031 4000 J
2066 3900 2307 4003 saepsi
2336 3908 2363 3949 ⁶
2396 3899 2621 4003 spatii
2672 3925 2824 3975 am-

597 4123 756 4187 ²cf.
787 4125 994 4187 Herm.
1021 4125 1170 4185 XIX
1197 4145 1256 4204 p.
1291 4145 1365 4203 93
1389 4146 1515 4206 sqq.

597 4207 757 4267 'De
785 4207 882 4268 his
922 4207 1264 4269 Dindorfius
1303 4207 1489 4288 mp
1494 4207 1640 4270 ‚VI
1680 4227 1795 4288 exp
1796 4207 1969 4270 osuit.
2052 4206 2275 4267 Eadem
2314 4205 2380 4265 in
2422 4200 2625 4264 multis
2664 4199 2823 4262 codi-

496 4287 684 4348 cibus
709 4288 932 4362 insunt,
960 4289 1126 4350 velut
1151 4288 1328 4351 Arati
1354 4289 1615 4352 Veneto:
1659 4291 1731 4352 cf.
1762 4291 1967 4354 Herm.
2000 4289 2157 4350 XIX
2183 4309 2241 4370 p.
2278 4289 2410 4347 108.

665 4371 1156 4432 ‘'l'extscholien’
1179 4372 1379 4451 aptius
1404 4373 1554 4434 dicit
1579 4371 1929 4434 Roemerus.

595 4451 800 4513 *Mea
825 4453 1170 4514 lemmatum
1197 4453 1602 4532 supplementa
1627 4460 1691 4515 et
1718 4455 1955 4533 integra
1982 4451 2329 4514 scholiorum
2349 4448 2820 4514 interlinearium

495 4521 794 4594 lemmata
813 4555 846 4595 e
871 4540 1042 4595 textu
1071 4535 1444 4613 'l'ownleyani
1472 4536 1717 4616 suscepi,
1747 4556 1920 4615 quem
1948 4534 2123 4600 ideo
2107 4555 2228 4616 lpse
2256 4531 2637 4600 contuleram.

602 4617 768 4696 ’.ΡΒ
801 4635 832 4676 2
841 4631 935 4695 59
969 4637 1004 4696 3
1034 4614 1230 4700 [γράφε
1231 4615 1480 4700 ι]νθ1ἰιιι
1507 4618 1886 4702 rescribatur.
