3325 5134
1329 313 1856 381 PRAEFATIO.
2678 316 2747 382 ix

432 485 678 566 exesis
725 485 853 565 vel
901 486 1128 565 erasis
1162 511 1397 564 vacua
1447 488 1745 590 saepius
1777 487 1858 563 in
1892 486 1961 565 V
1994 487 2237 589 spatia
2266 489 2739 590 respondent.

433 606 712 684 Omisit
744 606 1048 708 quidem
1075 605 1144 684 V
1170 605 1447 682 scholia
1481 603 1855 695 nonnulla,
1882 605 2283 682 recentiora
2307 605 2744 705 praesertim

431 733 518 800 et
569 723 1096 813 interlinearia,
1150 723 1282 799 sed
1331 723 1517 799 nihil
1568 722 1650 798 in
1701 723 1769 800 V
1821 721 2266 824 deprehendi
2316 722 2501 824 quin
2547 751 2642 800 ex
2676 723 2743 800 Τ

431 850 825 943 sumptum
884 849 1126 946 esset:
1191 840 1530 941 exemplo
1582 839 1687 916 sit
1725 840 1911 916 liber
1960 849 2266 916 octavus
2304 868 2529 942 quem
2573 867 2742 916 cum

435 956 940 1060 Townleyano
986 985 1154 1033 meo
1195 957 1574 1060 integrum
1608 957 1906 1048 contuli,
1944 958 2090 1032 alia
2120 959 2395 1059 passim
2431 959 2743 1060 inspexi.

431 1074 774 1151 Videtur
837 1075 996 1176 ipse
1063 1075 1327 1150 Petrus
1395 1075 1787 1166 VictoriUS,
1869 1076 1987 1150 vir
2053 1075 2380 1176 ingentis
2456 1075 2741 1166 laboris,

429 1219 671 1268 manu
727 1219 866 1268 sua
919 1191 1112 1268 vitia
1177 1191 1591 1293 apographi
1655 1192 2011 1268 nonnulla
2075 1193 2553 1270 coniectando
2616 1193 2765 1268 vel·

432 1308 674 1386 etiam
717 1310 991 1385 iterata
1039 1308 1213 1384 libri
1265 1308 1578 1386 lectione
1630 1309 2077 1386 emendasse.
2180 1309 2348 1397 Qua
2394 1311 2474 1385 in
2525 1336 2747 1412 opera

433 1425 910 1528 perrexisset,
985 1425 1132 1502 nisi
1207 1426 1472 1503 edendi
1542 1423 1951 1518 consilium,
2028 1427 2229 1528 quod
2302 1428 2607 1529 cepisse·
2666 1455 2745 1504 se

433 1545 812 1646 professus
878 1552 1063 1633 erat,
1120 1542 1503 1619 deficiente
1559 1545 2045 1644 redemptoris
2112 1545 2393 1622 auxilio
2460 1544 2743 1621 abicere

433 1671 736 1738 coaetus
782 1669 978 1737 esset
1000 1669 1045 1738 ¹.
1151 1661 1441 1736 Prodiit
1491 1660 1727 1762 igitur
1769 1653 1951 1737 tunc
1991 1689 2086 1738 ex
2119 1662 2541 1739 Victoriano
2573 1690 2745 1764 apo·

437 1778 729 1879 grapho
780 1804 1022 1854 nonus
1071 1779 1589 1854 tantummodo
1640 1779 1829 1854 liber
1860 1779 2067 1855 iussu
2121 1780 2423 1855 Ioannis
2478 1779 2745 1857 Caselii

435 1895 968 1997 Gottingensis
1026 1895 1588 1996 (1533—1613)
1651 1895 2065 1996 descriptus
2124 1903 2199 1971 et
2262 1896 2358 1971 ab
2419 1897 2758 1973 Horneio'

447 2021 650 2090 1620
715 2013 1167 2089 Helmstadii
1227 2011 1476 2089 editus
1499 2021 1543 2089 ².
1649 2011 1824 2113 Ipse
1879 2012 2189 2090 Victorii
2256 2012 2445 2088 liber
2512 2039 2751 2114 paene,

431 2129 686 2220 latuit,
723 2129 951 2205 donec
983 2127 1206 2204 simul
1250 2156 1418 2206 cum
1455 2128 1620 2205 aliis
1653 2129 2098 2206 Victorianis
2132 2158 2179 2205 a
2213 2129 2481 2206 Oarolo
2515 2131 2747 2206 Theo-

513 2267 540 2302 ¹
583 2268 944 2330 Testimonia
995 2268 1146 2328 mihi
1199 2268 1273 2328 Ο.
1316 2267 1391 2328 de
1447 2265 1773 2341 Gebhardt,
1816 2269 1921 2345 qui
1969 2268 2043 2328 de
2092 2268 2488 2330 Salviatorum
2535 2269 2747 2330 biblio-

435 2349 614 2416 them
657 2352 987 2430 scripturus
1029 2356 1137 2424 est,
1186 2351 1344 2428 apud
1387 2348 1747 2410 Bandinium
1790 2351 2126 2410 ‘Clarorum
2168 2352 2462 2412 Italorum
2497 2359 2560 2413 et
2599 2353 2747 2412 Ger-

435 2429 2088 2592 fflfflnissss⁸tssffsstffirffmvi>⁰tirfflm‘3¹⁰5ssssssss
2119 2434 2595 2592 {maffia
2578 2434 2748 2577 ΒἫΞΞ

436 2599 564 2658 loco
591 2599 686 2657 ita
710 2598 784 2656 ad
814 2597 1058 2656 Petrum
1078 2595 1428 2674 Maphaeum
1455 2595 1666 2654 scribit
1696 2595 1786 2653 Id.
1814 2595 1983 2655 Febr.
2011 2616 2065 2656 a.
2105 2615 2130 2654 1
2144 2601 2257 2672 562
2290 2597 2621 2658 Victorius:

582 2678 895 2773 ‘Epistula
946 2683 1056 2738 tua
1096 2677 1267 2737 valde
1321 2681 1496 2754 grata
1543 2675 1689 2736 mihi
1736 2677 1889 2736 fuit:
1947 2678 2221 2756 perspexi
2274 2679 2431 2738 enim
2490 2700 2565 2738 ex
2617 2679 2749 2757 ipsa

436 2759 502 2821 id
545 2761 709 2840 quod
745 2760 922 2820 etiam
964 2759 1030 2818 in
1071 2759 1264 2838 primo
1301 2759 1408 2818 illo
1452 2763 1652 2818 nostro
1707 2778 2019 2836 congressu
2070 2760 2219 2819 mihi
2266 2781 2551 2857 cognosse
2584 2763 2749 2822 visus

435 2844 685 2914 fueram,
727 2847 788 2903 te
825 2842 1073 2920 probum
1114 2842 1384 2901 iuvenem
1424 2858 1590 2900 esse.
1668 2840 2001 2900 .Theonem
2029 2841 2361 2902 accuratius
2400 2843 2751 2919 magistrum

439 2923 698 2996 dicendi,
742 2943 914 3001 quem
951 2923 1251 3001 pollicitus
1290 2941 1422 2982 sum
1462 2940 1607 2981 cura
1658 2941 1791 2981 mea
1839 2922 2027 2984 multo
2081 2923 2530 2983 emendatiorem
2571 2942 2749 3000 quam

435 3005 900 3067 circumferatur
949 3025 1042 3064 me
1096 3004 1174 3064 ad
1227 3009 1288 3064 te
1341 3004 1673 3074 missurum,
1722 3004 2061 3082 propediem
2115 3011 2409 3086 exspecta.
2494 3005 2747 3066 Utinam

437 3089 603 3148 idem
647 3087 722 3146 de
775 3086 1011 3146 scholiis
1070 3086 1194 3145 illis
1241 3086 1304 3144 in
1353 3085 1604 3144 Iliadem
1643 3085 1893 3145 Homeri
1932 3085 2047 3146 tibi
2098 3087 2424 3165 ceterisque
2474 3086 2751 3148 studiosis

437 3169 572 3230 eius
597 3168 950 3228 divinissimi
977 3173 1184 3246 poetae
1211 3167 1467 3246 recipere
1495 3185 1757 3245 possem.
1784 3187 1991 3228 vereor
2017 3166 2191 3240 enim,
2211 3189 2287 3228 ne
2314 3169 2491 3230 nimis
2517 3170 2749 3230 lentum

436 3250 553 3311 hoc
581 3253 886 3328 negotium
912 3251 1176 3310 futurum
1205 3249 1329 3309 sit:
1372 3249 1528 3327 quod
1553 3255 1756 3309 tamen
1791 3269 1923 3309 mea
1959 3250 2135 3328 culpa
2161 3271 2278 3310 non
2305 3250 2410 3310 fiet
2436 3252 2540 3312 sed
2566 3252 2751 3312 libra-

437 3333 686 3406 riorum,
717 3333 820 3412 qui
852 3352 971 3391 non
997 3331 1250 3391 libenter
1277 3330 1647 3391 excudendus
1676 3331 2010 3410 suscipiunt
2042 3332 2225 3392 libros
2264 3331 2416 3406 illos,
2444 3333 2601 3392 unde
2630 3353 2748 3392 non

437 3415 662 3476 celeres
694 3414 1039 3491 eosdemque
1077 3414 1222 3473 satis
1261 3432 1506 3490 magnos
1540 3419 1819 3491 quaestus
1851 3431 1913 3473 se
1954 3414 2210 3474 facturos
2242 3434 2364 3474 esse
2392 3413 2747 3474 existiment.

440 3495 585 3575 Ipse
611 3502 828 3570 tamen,
847 3503 920 3556 ut
945 3496 1054 3555 hoc
1081 3495 1396 3573 aliquando
1412 3494 1613 3572 aliqua
1639 3494 1869 3555 ratione
1896 3494 2199 3569 efficiatur,
2229 3495 2466 3556 curabo.
2528 3495 2745 3572 Quem·

439 3578 756 3639 admodum
796 3541 948 3638 riulli
988 3576 1250 3672 sumptui
1292 3574 1526 3655 peperci
1569 3581 1632 3635 et
1668 3575 1931 3635 infinitos
1976 3595 2160 3654 paene
2207 3577 2434 3638 labores
2477 3577 2749 3652 sustinui,

440 3680 518 3720 ne
571 3659 684 3720 hae
736 3659 1166 3721 vetustissimae
1231 3656 1781 3735 eruditissimaeque
1836 3657 2256 3719 declarationes
2321 3659 2605 3738 perirent,
2659 3661 2750 3720 ita

441 3741 642 3802 emnia
667 3742 893 3815 faciam,
911 3746 983 3802 ut
1008 3739 1293 3802 tandem
1274 3759 1436 3820 ipsae
1463 3739 1530 3799 in
1549 3759 1759 3807 manus
1778 3739 2085 3800 doctorum
2106 3739 2367 3802 virorum
2381 3742 2750 3821 perveniant.

441 3823 628 3884 Vale.¹
2754 3829 2761 3836 '

526 3905 738 3965 Altero
775 3903 904 3964 loco
944 3901 1100 3964 idem
1142 3901 1464 3982 Maphacus
1505 3900 1713 3963 Genua
1751 3897 1841 3964 ita
1879 3901 1957 3963 ad
1996 3902 2329 3965 Victor-ium
2375 3903 2584 3966 scribit
2618 3924 2669 3965 a.
2691 3904 2749 3966 d.

443 3985 536 4048 IV
565 3987 702 4046 Kal.
727 3987 896 4047 Febr.
923 4006 976 4046 a.
1011 3990 1202 4062 1563.
2756 4041 2760 4044 ,

527 4069 834 4129 ‘Genuam
859 4067 997 4128 veni
1030 4087 1082 4127 a.
1100 4068 1157 4127 d.
1185 4065 1344 4126 VIII
1385 4065 1522 4127 Kal.
1561 4067 1733 4127 Febr.
1764 4065 1972 4145 quinto
2008 4066 2113 4128 abs
2140 4071 2202 4127 te
2230 4065 2371 4127 die.
2452 4065 2569 4126 .de
2596 4065 2767 4128 libro.

443 4169 566 4212 nou
605 4169 825 4230 urgeo.
885 4169 1060 4229 quem
1106 4155 1324 4220 tamen,
1357 4153 1429 4207 ut
1471 4147 1616 4208 mihi
1673 4148 2004 4208 liberaliter
2042 4147 2331 4226 recepisti,
2374 4149 2750 4208 emendatum

441 4237 754 4312 exspecto3
797 4236 860 4293 et
901 4231 1076 4292 simul
1115 4251 1292 4291 aurea
1333 4229 1487 4289 illa
1469 4251 1533 4289 ιιι
1563 4231 1889 4290 Homerum
1917 4230 2150 4301 scholia,
2183 4251 2332 4308 quae
2358 4234 2464 4289 tua
2492 4230 2753 4290 sollertia

443 4315 753 4391 virtusque
797 4314 873 4374 ab
920 4313 1170 4373 interitu
1216 4312 1493 4385 vindicat,
1549 4313 1626 4372 ad
1676 4313 1833 4390 quod
1884 4318 2119 4390 tempus
2174 4316 2545 4390 expectemus
2600 4313 2751 4372 scire

441 4396 799 4456 mirabiliter
835 4415 996 4456 aveo.
1075 4394 1258 4455 Vale?

530 4479 556 4513 ¹
595 4477 858 4538 ‘Scholia
881 4482 1118 4537 vetusta
1138 4483 1200 4536 et
1219 4476 1434 4555 oppido
1458 4474 1735 4536 erudita
1718 4496 1781 4534 m
1810 4474 1943 4536 IX¹¹
1912 4486 1996 4519 ”¹¹²
2023 4475 2241 4534 librum
2268 4473 2477 4535 niudis
2506 4475 2753 4536 Homeri

445 4579 480 4620 ο
507 4579 830 4702 mxttffio
855 4557 1120 4702 {arilblildm
1139 4559 1262 4702 02³1?
1263 4558 1561 4702 aItperefJ
1566 4557 1751 4702 <lieux
1738 4639 2006 4701 Oaselius
2050 4645 2398 4718 praeceptor
2437 4633 2614 4711 meus,
2656 4637 2753 4698 vir
