<?xml version="1.0" encoding="UTF-8"?>
<!DOCTYPE html PUBLIC "-//W3C//DTD XHTML 1.0 Transitional//EN"
    "http://www.w3.org/TR/xhtml1/DTD/xhtml1-transitional.dtd">
<html xmlns="http://www.w3.org/1999/xhtml" xml:lang="en" lang="en">
 <head>
  <title>
</title>
<meta http-equiv="Content-Type" content="text/html;charset=utf-8" />
  <meta name='ocr-system' content='tesseract 3.04.00' />
  <meta name='ocr-capabilities' content='ocr_page ocr_carea ocr_par ocr_line ocrx_word'/>
</head>
<body>
  <div class='ocr_page' id='page_1' title='image "./scholiagraecain00homegoog/scholiagraecain00homegoog_0011.png"; bbox 0 0 3325 5134; ppageno 0'>
   <div class='ocr_carea' id='block_1_1' title="bbox 1093 783 1991 888">
    <p class='ocr_par' dir='ltr' id='par_1_1' title="bbox 1093 783 1991 888">
     <span class='ocr_line' id='line_1_1' title="bbox 1093 783 1991 888; baseline 0.004 -4"><span class='ocrx_word' id='word_1_1' title='bbox 1093 783 1991 888; x_wconf 75' lang='lat' dir='ltr'><strong>PRAEFATIO.</strong></span> 
     </span>
    </p>
   </div>
   <div class='ocr_carea' id='block_1_2' title="bbox 1509 1039 1576 1120">
    <p class='ocr_par' dir='ltr' id='par_1_2' title="bbox 1509 1039 1576 1120">
     <span class='ocr_line' id='line_1_2' title="bbox 1509 1039 1576 1120; baseline 0.045 -3"><span class='ocrx_word' id='word_1_2' title='bbox 1509 1039 1576 1120; x_wconf 90' lang='grc' dir='ltr'>Ι.</span> 
     </span>
    </p>
   </div>
   <div class='ocr_carea' id='block_1_3' title="bbox 381 1194 2705 2598">
    <p class='ocr_par' dir='ltr' id='par_1_3' title="bbox 381 1194 2705 2598">
     <span class='ocr_line' id='line_1_3' title="bbox 483 1194 2705 1299; baseline 0.001 -27"><span class='ocrx_word' id='word_1_3' title='bbox 483 1195 773 1272; x_wconf 77' lang='lat' dir='ltr'><strong>CODEx</strong></span> <span class='ocrx_word' id='word_1_4' title='bbox 825 1194 1088 1272; x_wconf 79' lang='lat' dir='ltr'>Iliadis</span> <span class='ocrx_word' id='word_1_5' title='bbox 1137 1195 1725 1298; x_wconf 88' lang='lat' dir='ltr'>scholiorumque</span> <span class='ocrx_word' id='word_1_6' title='bbox 1775 1195 1857 1274; x_wconf 91' lang='lat' dir='ltr'>in</span> <span class='ocrx_word' id='word_1_7' title='bbox 1909 1196 2221 1274; x_wconf 79' lang='lat' dir='ltr'><strong>Iliadem</strong></span> <span class='ocrx_word' id='word_1_8' title='bbox 2256 1197 2389 1299; x_wconf 91' lang='lat' dir='ltr'>qui</span> <span class='ocrx_word' id='word_1_9' title='bbox 2439 1197 2705 1276; x_wconf 80' lang='lat' dir='ltr'>Town-</span> 
     </span>
     <span class='ocr_line' id='line_1_4' title="bbox 381 1309 2703 1411; baseline 0.002 -25"><span class='ocrx_word' id='word_1_10' title='bbox 381 1309 692 1411; x_wconf 85' lang='lat' dir='ltr'>leyanus</span> <span class='ocrx_word' id='word_1_11' title='bbox 745 1341 890 1389; x_wconf 87' lang='lat' dir='ltr'>usu</span> <span class='ocrx_word' id='word_1_12' title='bbox 942 1313 1244 1390; x_wconf 86' lang='lat' dir='ltr'>solemni</span> <span class='ocrx_word' id='word_1_13' title='bbox 1295 1314 1570 1390; x_wconf 87' lang='lat' dir='ltr'>dicitur</span> <span class='ocrx_word' id='word_1_14' title='bbox 1619 1315 2218 1391; x_wconf 84' lang='lat' dir='ltr'>membranaceus</span> <span class='ocrx_word' id='word_1_15' title='bbox 2269 1315 2469 1391; x_wconf 91' lang='lat' dir='ltr'>inter</span> <span class='ocrx_word' id='word_1_16' title='bbox 2510 1317 2703 1392; x_wconf 88' lang='lat' dir='ltr'>Bur-</span> 
     </span>
     <span class='ocr_line' id='line_1_5' title="bbox 383 1429 2698 1529; baseline 0.003 -26"><span class='ocrx_word' id='word_1_17' title='bbox 383 1456 712 1529; x_wconf 84' lang='lat' dir='ltr'>neyanos</span> <span class='ocrx_word' id='word_1_18' title='bbox 762 1432 1012 1508; x_wconf 90' lang='lat' dir='ltr'>Musei</span> <span class='ocrx_word' id='word_1_19' title='bbox 1061 1431 1470 1508; x_wconf 74' lang='lat' dir='ltr'>Britannici</span> <span class='ocrx_word' id='word_1_20' title='bbox 1523 1439 1618 1508; x_wconf 85' lang='lat'>86</span> <span class='ocrx_word' id='word_1_21' title='bbox 1672 1429 1753 1507; x_wconf 91' lang='lat' dir='ltr'>in</span> <span class='ocrx_word' id='word_1_22' title='bbox 1806 1447 1889 1527; x_wconf 91' lang='lat'>40</span> <span class='ocrx_word' id='word_1_23' title='bbox 1934 1431 2211 1508; x_wconf 86' lang='lat' dir='ltr'>litteris</span> <span class='ocrx_word' id='word_1_24' title='bbox 2260 1431 2698 1510; x_wconf 75' lang='lat' dir='ltr'>minusculis</span> 
     </span>
     <span class='ocr_line' id='line_1_6' title="bbox 386 1545 2699 1652; baseline 0.003 -33"><span class='ocrx_word' id='word_1_25' title='bbox 386 1545 792 1648; x_wconf 75' lang='lat' dir='ltr'>diligenter</span> <span class='ocrx_word' id='word_1_26' title='bbox 826 1549 934 1626; x_wconf 85' lang='lat' dir='ltr'>ita</span> <span class='ocrx_word' id='word_1_27' title='bbox 980 1560 1346 1641; x_wconf 86' lang='lat' dir='ltr'>exaratus,</span> <span class='ocrx_word' id='word_1_28' title='bbox 1400 1559 1494 1626; x_wconf 89' lang='lat' dir='ltr'>ut</span> <span class='ocrx_word' id='word_1_29' title='bbox 1542 1549 1742 1624; x_wconf 88' lang='lat' dir='ltr'>infra</span> <span class='ocrx_word' id='word_1_30' title='bbox 1790 1548 2021 1626; x_wconf 87' lang='lat' dir='ltr'>lineas</span> <span class='ocrx_word' id='word_1_31' title='bbox 2056 1576 2246 1652; x_wconf 90' lang='lat' dir='ltr'>quae</span> <span class='ocrx_word' id='word_1_32' title='bbox 2288 1571 2380 1648; x_wconf 90' lang='lat'>27</span> <span class='ocrx_word' id='word_1_33' title='bbox 2418 1549 2497 1625; x_wconf 90' lang='lat' dir='ltr'>in</span> <span class='ocrx_word' id='word_1_34' title='bbox 2549 1551 2699 1626; x_wconf 80' lang='lat' dir='ltr'>sin-</span> 
     </span>
     <span class='ocr_line' id='line_1_7' title="bbox 385 1663 2697 1768; baseline 0.002 -28"><span class='ocrx_word' id='word_1_35' title='bbox 385 1663 576 1764; x_wconf 82' lang='lat' dir='ltr'>gulis</span> <span class='ocrx_word' id='word_1_36' title='bbox 607 1665 910 1767; x_wconf 82' lang='lat' dir='ltr'>paginis</span> <span class='ocrx_word' id='word_1_37' title='bbox 944 1677 1428 1743; x_wconf 74' lang='lat' dir='ltr'>numerantur</span> <span class='ocrx_word' id='word_1_38' title='bbox 1461 1667 1707 1742; x_wconf 92' lang='lat' dir='ltr'>sedem</span> <span class='ocrx_word' id='word_1_39' title='bbox 1744 1665 2181 1768; x_wconf 90' lang='lat' dir='ltr'>plerumque</span> <span class='ocrx_word' id='word_1_40' title='bbox 2227 1677 2697 1768; x_wconf 83' lang='lat' dir='ltr'>occuparent,</span> 
     </span>
     <span class='ocr_line' id='line_1_8' title="bbox 385 1779 2697 1886; baseline 0.003 -32"><span class='ocrx_word' id='word_1_41' title='bbox 385 1779 554 1856; x_wconf 85' lang='lat' dir='ltr'>folia</span> <span class='ocrx_word' id='word_1_42' title='bbox 594 1788 738 1858; x_wconf 89' lang='lat'>281</span> <span class='ocrx_word' id='word_1_43' title='bbox 781 1785 977 1860; x_wconf 84' lang='lat' dir='ltr'>mala</span> <span class='ocrx_word' id='word_1_44' title='bbox 1019 1784 1482 1886; x_wconf 85' lang='lat' dir='ltr'>bibliopegae</span> <span class='ocrx_word' id='word_1_45' title='bbox 1534 1793 1696 1859; x_wconf 88' lang='lat' dir='ltr'>arte</span> <span class='ocrx_word' id='word_1_46' title='bbox 1745 1812 1946 1860; x_wconf 90' lang='lat' dir='ltr'>nunc</span> <span class='ocrx_word' id='word_1_47' title='bbox 1996 1783 2115 1860; x_wconf 93' lang='lat' dir='ltr'>hic</span> <span class='ocrx_word' id='word_1_48' title='bbox 2164 1784 2321 1861; x_wconf 91' lang='lat' dir='ltr'>illic</span> <span class='ocrx_word' id='word_1_49' title='bbox 2372 1785 2451 1860; x_wconf 90' lang='lat' dir='ltr'>in</span> <span class='ocrx_word' id='word_1_50' title='bbox 2502 1811 2697 1860; x_wconf 84' lang='lat' dir='ltr'>mar-</span> 
     </span>
     <span class='ocr_line' id='line_1_9' title="bbox 387 1897 2695 2003; baseline 0.002 -28"><span class='ocrx_word' id='word_1_51' title='bbox 387 1897 550 1996; x_wconf 83' lang='lat' dir='ltr'>gine</span> <span class='ocrx_word' id='word_1_52' title='bbox 633 1900 1061 1979; x_wconf 85' lang='lat' dir='ltr'>circumcisa</span> <span class='ocrx_word' id='word_1_53' title='bbox 1144 1903 1496 1980; x_wconf 88' lang='lat' dir='ltr'>continet.</span> <span class='ocrx_word' id='word_1_54' title='bbox 1628 1901 1943 1977; x_wconf 83' lang='lat' dir='ltr'>Accedit</span> <span class='ocrx_word' id='word_1_55' title='bbox 2012 1901 2218 2002; x_wconf 91' lang='lat' dir='ltr'>quod</span> <span class='ocrx_word' id='word_1_56' title='bbox 2286 1902 2695 2003; x_wconf 89' lang='lat' dir='ltr'>primorum</span> 
     </span>
     <span class='ocr_line' id='line_1_10' title="bbox 385 2015 2699 2122; baseline 0.003 -34"><span class='ocrx_word' id='word_1_57' title='bbox 385 2015 739 2093; x_wconf 85' lang='lat' dir='ltr'>foliorum.</span> <span class='ocrx_word' id='word_1_58' title='bbox 759 2022 1125 2121; x_wconf 87' lang='lat' dir='ltr'>scriptura</span> <span class='ocrx_word' id='word_1_59' title='bbox 1151 2046 1414 2097; x_wconf 81' lang='lat' dir='ltr'>umore</span> <span class='ocrx_word' id='word_1_60' title='bbox 1447 2018 1953 2122; x_wconf 82' lang='lat' dir='ltr'>temporisque</span> <span class='ocrx_word' id='word_1_61' title='bbox 1987 2017 2206 2122; x_wconf 84' lang='lat' dir='ltr'>culpa</span> <span class='ocrx_word' id='word_1_62' title='bbox 2238 2045 2385 2093; x_wconf 92' lang='lat' dir='ltr'>non</span> <span class='ocrx_word' id='word_1_63' title='bbox 2418 2019 2699 2096; x_wconf 88' lang='lat' dir='ltr'>medio·-</span> 
     </span>
     <span class='ocr_line' id='line_1_11' title="bbox 387 2132 2696 2238; baseline 0.004 -31"><span class='ocrx_word' id='word_1_64' title='bbox 387 2132 602 2209; x_wconf 82' lang='lat' dir='ltr'>criter</span> <span class='ocrx_word' id='word_1_65' title='bbox 667 2135 888 2212; x_wconf 85' lang='lat' dir='ltr'>hodie</span> <span class='ocrx_word' id='word_1_66' title='bbox 947 2137 1205 2214; x_wconf 83' lang='lat' dir='ltr'>affecta</span> <span class='ocrx_word' id='word_1_67' title='bbox 1257 2147 1393 2214; x_wconf 88' lang='lat' dir='ltr'>est.</span> <span class='ocrx_word' id='word_1_68' title='bbox 1507 2135 1761 2212; x_wconf 81' lang='lat' dir='ltr'>Codex</span> <span class='ocrx_word' id='word_1_69' title='bbox 1823 2135 2123 2238; x_wconf 89' lang='lat' dir='ltr'>quando</span> <span class='ocrx_word' id='word_1_70' title='bbox 2174 2135 2435 2211; x_wconf 90' lang='lat' dir='ltr'>finitus</span> <span class='ocrx_word' id='word_1_71' title='bbox 2497 2144 2696 2217; x_wconf 75' lang='lat' dir='ltr'>esset</span> 
     </span>
     <span class='ocr_line' id='line_1_12' title="bbox 386 2248 2697 2355; baseline 0.002 -32"><span class='ocrx_word' id='word_1_72' title='bbox 386 2248 551 2326; x_wconf 90' lang='lat' dir='ltr'>olim</span> <span class='ocrx_word' id='word_1_73' title='bbox 582 2251 776 2329; x_wconf 92' lang='lat' dir='ltr'>libro</span> <span class='ocrx_word' id='word_1_74' title='bbox 808 2253 1078 2330; x_wconf 90' lang='lat' dir='ltr'>ultimo</span> <span class='ocrx_word' id='word_1_75' title='bbox 1121 2255 1669 2332; x_wconf 83' lang='lat' dir='ltr'>accuratissime</span> <span class='ocrx_word' id='word_1_76' title='bbox 1720 2253 1880 2355; x_wconf 89' lang='lat' dir='ltr'>ipse</span> <span class='ocrx_word' id='word_1_77' title='bbox 1933 2252 2281 2329; x_wconf 85' lang='lat' dir='ltr'>librarius</span> <span class='ocrx_word' id='word_1_78' title='bbox 2331 2251 2697 2354; x_wconf 90' lang='lat' dir='ltr'>subscrip-</span> 
     </span>
     <span class='ocr_line' id='line_1_13' title="bbox 386 2355 2703 2474; baseline 0.003 -32"><span class='ocrx_word' id='word_1_79' title='bbox 386 2379 594 2460; x_wconf 82' lang='lat' dir='ltr'>serat,</span> <span class='ocrx_word' id='word_1_80' title='bbox 621 2397 904 2447; x_wconf 86' lang='lat' dir='ltr'>annum</span> <span class='ocrx_word' id='word_1_81' title='bbox 939 2382 1203 2474; x_wconf 86' lang='lat' dir='ltr'>postea</span> <span class='ocrx_word' id='word_1_82' title='bbox 1228 2373 1417 2448; x_wconf 87' lang='lat' dir='ltr'>alius</span> <span class='ocrx_word' id='word_1_83' title='bbox 1437 2371 1609 2474; x_wconf 90' lang='lat' dir='ltr'>quis</span> <span class='ocrx_word' id='word_1_84' title='bbox 1645 2369 2145 2472; x_wconf 90' lang='lat' dir='ltr'>subscriptum</span> <span class='ocrx_word' id='word_1_85' title='bbox 2181 2355 2703 2450; x_wconf 29' lang='lat' dir='ltr'>fraudulenter·</span> 
     </span>
     <span class='ocr_line' id='line_1_14' title="bbox 387 2488 1425 2598; baseline 0.006 -38"><span class='ocrx_word' id='word_1_86' title='bbox 387 2488 631 2567; x_wconf 84' lang='lat' dir='ltr'>erasit.</span> <span class='ocrx_word' id='word_1_87' title='bbox 740 2489 950 2566; x_wconf 89' lang='lat' dir='ltr'>Haec</span> <span class='ocrx_word' id='word_1_88' title='bbox 983 2497 1425 2598; x_wconf 83' lang='lat' dir='ltr'>supersunt:</span> 
     </span>
    </p>
   </div>
   <div class='ocr_carea' id='block_1_4' title="bbox 669 2618 2303 2758">
    <p class='ocr_par' dir='ltr' id='par_1_4' title="bbox 669 2618 2303 2758">
     <span class='ocr_line' id='line_1_15' title="bbox 669 2618 2303 2758; baseline -0.002 -40"><span class='ocrx_word' id='word_1_89' title='bbox 669 2629 1196 2722; x_wconf 71' lang='lat' dir='ltr'>⁴ereAeut‘uen</span> <span class='ocrx_word' id='word_1_90' title='bbox 1251 2619 2163 2758; x_wconf 43' lang='grc' dir='ltr'>μΗΝιζεεΠτεμΒΡῘωι</span> <span class='ocrx_word' id='word_1_91' title='bbox 2229 2618 2303 2716; x_wconf 60' lang='lat' dir='ltr'>u]</span> 
     </span>
    </p>
   </div>
   <div class='ocr_carea' id='block_1_5' title="bbox 672 2760 2165 2894">
    <p class='ocr_par' dir='ltr' id='par_1_5' title="bbox 672 2760 2165 2894">
     <span class='ocr_line' id='line_1_16' title="bbox 672 2760 2165 2894; baseline 0.007 -25"><span class='ocrx_word' id='word_1_92' title='bbox 672 2763 1006 2870; x_wconf 64' lang='grc' dir='ltr'>ἨμεῬΑ</span> <span class='ocrx_word' id='word_1_93' title='bbox 1057 2773 1115 2869; x_wconf 79' lang='grc' dir='ltr'>Ξ</span> <span class='ocrx_word' id='word_1_94' title='bbox 1159 2760 1540 2872; x_wconf 69' lang='grc' dir='ltr'>*ιΝΔικτῗ</span> <span class='ocrx_word' id='word_1_95' title='bbox 1590 2786 1668 2868; x_wconf 68' lang='lat' dir='ltr'>ff-</span> <span class='ocrx_word' id='word_1_96' title='bbox 1702 2790 2165 2894; x_wconf 77' lang='lat' dir='ltr'><em>slllllll</em></span> 
     </span>
    </p>
   </div>
   <div class='ocr_carea' id='block_1_6' title="bbox 381 2917 2691 3373">
    <p class='ocr_par' dir='ltr' id='par_1_6' title="bbox 381 2917 2691 3373">
     <span class='ocr_line' id='line_1_17' title="bbox 385 2917 2689 3015; baseline 0 -21"><span class='ocrx_word' id='word_1_97' title='bbox 385 2919 691 2994; x_wconf 85' lang='lat' dir='ltr'>Annum</span> <span class='ocrx_word' id='word_1_98' title='bbox 726 2941 915 3015; x_wconf 85' lang='lat'><strong>1059</strong></span> <span class='ocrx_word' id='word_1_99' title='bbox 952 2946 1046 2994; x_wconf 83' lang='lat' dir='ltr'>ex</span> <span class='ocrx_word' id='word_1_100' title='bbox 1089 2919 1515 2995; x_wconf 87' lang='lat' dir='ltr'>indictionis</span> <span class='ocrx_word' id='word_1_101' title='bbox 1549 2918 1823 2995; x_wconf 83' lang='lat' dir='ltr'>mensis</span> <span class='ocrx_word' id='word_1_102' title='bbox 1857 2917 2008 2993; x_wconf 88' lang='lat' dir='ltr'>diei</span> <span class='ocrx_word' id='word_1_103' title='bbox 2036 2917 2368 2992; x_wconf 84' lang='lat' dir='ltr'>numeris</span> <span class='ocrx_word' id='word_1_104' title='bbox 2400 2917 2689 2994; x_wconf 87' lang='lat' dir='ltr'>ratione</span> 
     </span>
     <span class='ocr_line' id='line_1_18' title="bbox 383 3033 2691 3138; baseline 0.001 -28"><span class='ocrx_word' id='word_1_105' title='bbox 383 3033 734 3111; x_wconf 83' lang='lat' dir='ltr'>instituta</span> <span class='ocrx_word' id='word_1_106' title='bbox 791 3037 1048 3115; x_wconf 89' lang='lat' dir='ltr'>Herm.</span> <span class='ocrx_word' id='word_1_107' title='bbox 1107 3035 1301 3112; x_wconf 91' lang='lat' dir='ltr'>XIX</span> <span class='ocrx_word' id='word_1_108' title='bbox 1358 3035 1612 3138; x_wconf 84' lang='lat'>(1884)</span> <span class='ocrx_word' id='word_1_109' title='bbox 1675 3063 1748 3136; x_wconf 89' lang='lat' dir='ltr'>p.</span> <span class='ocrx_word' id='word_1_110' title='bbox 1811 3057 1903 3132; x_wconf 89' lang='lat'>27</span> <span class='ocrx_word' id='word_1_111' title='bbox 1914 3057 1953 3133; x_wconf 87' lang='lat'>5</span> <span class='ocrx_word' id='word_1_112' title='bbox 2018 3035 2617 3136; x_wconf 54' lang='lat' dir='ltr'>sels-“recuperavi</span> <span class='ocrx_word' id='word_1_113' title='bbox 2640 3043 2691 3126; x_wconf 85' lang='lat'>¹,</span> 
     </span>
     <span class='ocr_line' id='line_1_19' title="bbox 382 3151 2691 3256; baseline 0.001 -30"><span class='ocrx_word' id='word_1_114' title='bbox 382 3153 576 3228; x_wconf 88' lang='lat' dir='ltr'>unde</span> <span class='ocrx_word' id='word_1_115' title='bbox 609 3152 1034 3230; x_wconf 84' lang='lat' dir='ltr'>litterarum</span> <span class='ocrx_word' id='word_1_116' title='bbox 1066 3154 1358 3244; x_wconf 83' lang='lat' dir='ltr'>formas,</span> <span class='ocrx_word' id='word_1_117' title='bbox 1391 3180 1584 3256; x_wconf 86' lang='lat' dir='ltr'>quae</span> <span class='ocrx_word' id='word_1_118' title='bbox 1617 3151 1809 3229; x_wconf 86' lang='lat' dir='ltr'>tales</span> <span class='ocrx_word' id='word_1_119' title='bbox 1844 3162 2022 3228; x_wconf 88' lang='lat' dir='ltr'>sunt</span> <span class='ocrx_word' id='word_1_120' title='bbox 2058 3151 2319 3253; x_wconf 83' lang='lat' dir='ltr'>quales</span> <span class='ocrx_word' id='word_1_121' title='bbox 2366 3180 2420 3230; x_wconf 90' lang='lat' dir='ltr'>s.</span> <span class='ocrx_word' id='word_1_122' title='bbox 2458 3152 2574 3228; x_wconf 89' lang='lat' dir='ltr'>XI</span> <span class='ocrx_word' id='word_1_123' title='bbox 2609 3163 2691 3229; x_wconf 86' lang='lat' dir='ltr'>et</span> 
     </span>
     <span class='ocr_line' id='line_1_20' title="bbox 381 3265 2687 3373; baseline 0 -28"><span class='ocrx_word' id='word_1_124' title='bbox 381 3265 534 3346; x_wconf 89' lang='lat' dir='ltr'>XII</span> <span class='ocrx_word' id='word_1_125' title='bbox 601 3270 1112 3364; x_wconf 87' lang='lat' dir='ltr'>inveniuntur,</span> <span class='ocrx_word' id='word_1_126' title='bbox 1172 3298 1641 3373; x_wconf 81' lang='lat' dir='ltr'>nequaquam</span> <span class='ocrx_word' id='word_1_127' title='bbox 1708 3271 2099 3346; x_wconf 85' lang='lat' dir='ltr'>abhorrere</span> <span class='ocrx_word' id='word_1_128' title='bbox 2166 3269 2428 3372; x_wconf 90' lang='lat' dir='ltr'>peritis</span> <span class='ocrx_word' id='word_1_129' title='bbox 2494 3279 2687 3371; x_wconf 83' lang='lat' dir='ltr'>puto</span> 
     </span>
    </p>
   </div>
   <div class='ocr_carea' id='block_1_7' title="bbox 379 3412 2685 4624">
    <p class='ocr_par' dir='ltr' id='par_1_7' title="bbox 379 3412 2685 4624">
     <span class='ocr_line' id='line_1_21' title="bbox 457 3412 2685 3496; baseline -0.001 -21"><span class='ocrx_word' id='word_1_130' title='bbox 457 3413 482 3447; x_wconf 88' lang='lat'><strong>¹</strong></span> <span class='ocrx_word' id='word_1_131' title='bbox 522 3415 684 3476; x_wconf 81' lang='lat' dir='ltr'>Nota</span> <span class='ocrx_word' id='word_1_132' title='bbox 723 3415 880 3475; x_wconf 88' lang='lat' dir='ltr'>enim</span> <span class='ocrx_word' id='word_1_133' title='bbox 919 3415 1064 3476; x_wconf 84' lang='lat' dir='ltr'>haec</span> <span class='ocrx_word' id='word_1_134' title='bbox 1090 3421 1266 3476; x_wconf 85' lang='lat' dir='ltr'>sunt.</span> <span class='ocrx_word' id='word_1_135' title='bbox 1311 3414 1402 3496; x_wconf 90' lang='grc'>(1)</span> <span class='ocrx_word' id='word_1_136' title='bbox 1430 3416 1585 3476; x_wconf 89' lang='lat' dir='ltr'>diem</span> <span class='ocrx_word' id='word_1_137' title='bbox 1619 3413 1761 3476; x_wconf 85' lang='lat' dir='ltr'>anni</span> <span class='ocrx_word' id='word_1_138' title='bbox 1797 3412 1961 3474; x_wconf 89' lang='lat' dir='ltr'>illius</span> <span class='ocrx_word' id='word_1_139' title='bbox 1989 3413 2525 3491; x_wconf 82' lang='lat' dir='ltr'>duodevigesimum</span> <span class='ocrx_word' id='word_1_140' title='bbox 2554 3433 2685 3490; x_wconf 88' lang='lat' dir='ltr'>sep-</span> 
     </span>
     <span class='ocr_line' id='line_1_22' title="bbox 384 3493 2683 3578; baseline -0.001 -22"><span class='ocrx_word' id='word_1_141' title='bbox 384 3496 624 3556; x_wconf 76' lang='lat' dir='ltr'>tembris</span> <span class='ocrx_word' id='word_1_142' title='bbox 650 3503 712 3558; x_wconf 87' lang='lat' dir='ltr'>et</span> <span class='ocrx_word' id='word_1_143' title='bbox 740 3498 1053 3576; x_wconf 84' lang='lat' dir='ltr'>septimum</span> <span class='ocrx_word' id='word_1_144' title='bbox 1078 3497 1476 3572; x_wconf 78' lang='lat' dir='ltr'>hebdomadis,</span> <span class='ocrx_word' id='word_1_145' title='bbox 1506 3496 1601 3578; x_wconf 84' lang='lat'>(2)</span> <span class='ocrx_word' id='word_1_146' title='bbox 1628 3497 2008 3556; x_wconf 86' lang='lat' dir='ltr'>indictionem</span> <span class='ocrx_word' id='word_1_147' title='bbox 2037 3496 2216 3555; x_wconf 87' lang='lat' dir='ltr'>fuisse</span> <span class='ocrx_word' id='word_1_148' title='bbox 2252 3493 2497 3555; x_wconf 79' lang='lat' dir='ltr'>tertiam</span> <span class='ocrx_word' id='word_1_149' title='bbox 2523 3495 2683 3555; x_wconf 90' lang='lat' dir='ltr'>deci·</span> 
     </span>
     <span class='ocr_line' id='line_1_23' title="bbox 385 3577 2681 3658; baseline 0 -21"><span class='ocrx_word' id='word_1_150' title='bbox 385 3597 550 3639; x_wconf 85' lang='lat' dir='ltr'>mam.</span> <span class='ocrx_word' id='word_1_151' title='bbox 631 3579 758 3638; x_wconf 88' lang='lat' dir='ltr'>Iam</span> <span class='ocrx_word' id='word_1_152' title='bbox 799 3579 1031 3640; x_wconf 79' lang='lat' dir='ltr'>tabulas</span> <span class='ocrx_word' id='word_1_153' title='bbox 1064 3579 1428 3641; x_wconf 83' lang='lat' dir='ltr'>calendarias</span> <span class='ocrx_word' id='word_1_154' title='bbox 1459 3578 1791 3658; x_wconf 85' lang='lat' dir='ltr'>perlegenti</span> <span class='ocrx_word' id='word_1_155' title='bbox 1817 3577 1914 3656; x_wconf 87' lang='lat' dir='ltr'>(cf.</span> <span class='ocrx_word' id='word_1_156' title='bbox 1950 3577 2230 3655; x_wconf 84' lang='lat' dir='ltr'>Pilgram,</span> <span class='ocrx_word' id='word_1_157' title='bbox 2261 3577 2681 3638; x_wconf 73' lang='lat' dir='ltr'>calendarium</span> 
     </span>
     <span class='ocr_line' id='line_1_24' title="bbox 383 3658 2679 3740; baseline 0 -22"><span class='ocrx_word' id='word_1_158' title='bbox 383 3658 850 3739; x_wconf 83' lang='lat' dir='ltr'>chronologicum</span> <span class='ocrx_word' id='word_1_159' title='bbox 904 3661 1086 3720; x_wconf 89' lang='lat' dir='ltr'>medii</span> <span class='ocrx_word' id='word_1_160' title='bbox 1141 3661 1510 3740; x_wconf 88' lang='lat' dir='ltr'>potissimum</span> <span class='ocrx_word' id='word_1_161' title='bbox 1553 3660 1686 3720; x_wconf 86' lang='lat' dir='ltr'>aevi</span> <span class='ocrx_word' id='word_1_162' title='bbox 1738 3661 2132 3719; x_wconf 82' lang='lat' dir='ltr'>monumentis</span> <span class='ocrx_word' id='word_1_163' title='bbox 2178 3661 2679 3720; x_wconf 84' lang='lat' dir='ltr'>accommodatum</span> 
     </span>
     <span class='ocr_line' id='line_1_25' title="bbox 384 3740 2679 3820; baseline 0.001 -20"><span class='ocrx_word' id='word_1_164' title='bbox 384 3740 638 3802; x_wconf 77' lang='lat' dir='ltr'>Viennae</span> <span class='ocrx_word' id='word_1_165' title='bbox 671 3748 821 3818; x_wconf 80' lang='lat'>1781</span> <span class='ocrx_word' id='word_1_166' title='bbox 855 3748 918 3803; x_wconf 89' lang='lat' dir='ltr'>et</span> <span class='ocrx_word' id='word_1_167' title='bbox 953 3742 1021 3801; x_wconf 86' lang='lat' dir='ltr'>L’</span> <span class='ocrx_word' id='word_1_168' title='bbox 1024 3749 1119 3803; x_wconf 85' lang='lat' dir='ltr'>art</span> <span class='ocrx_word' id='word_1_169' title='bbox 1147 3744 1220 3803; x_wconf 91' lang='lat' dir='ltr'>de</span> <span class='ocrx_word' id='word_1_170' title='bbox 1247 3743 1479 3803; x_wconf 75' lang='lat' dir='ltr'>verifier</span> <span class='ocrx_word' id='word_1_171' title='bbox 1505 3742 1590 3802; x_wconf 88' lang='lat' dir='ltr'>les</span> <span class='ocrx_word' id='word_1_172' title='bbox 1617 3742 1811 3820; x_wconf 84' lang='lat' dir='ltr'>dates)</span> <span class='ocrx_word' id='word_1_173' title='bbox 1838 3741 1976 3801; x_wconf 89' lang='lat' dir='ltr'>inde</span> <span class='ocrx_word' id='word_1_174' title='bbox 2016 3762 2054 3801; x_wconf 88' lang='lat' dir='ltr'>a</span> <span class='ocrx_word' id='word_1_175' title='bbox 2088 3756 2413 3818; x_wconf 89' lang='lat'><strong>900-1500</strong></span> <span class='ocrx_word' id='word_1_176' title='bbox 2455 3747 2679 3820; x_wconf 85' lang='lat' dir='ltr'>septem</span> 
     </span>
     <span class='ocr_line' id='line_1_26' title="bbox 383 3823 2677 3906; baseline 0 -24"><span class='ocrx_word' id='word_1_177' title='bbox 383 3824 518 3884; x_wconf 82' lang='lat' dir='ltr'>anni</span> <span class='ocrx_word' id='word_1_178' title='bbox 551 3824 894 3906; x_wconf 83' lang='lat' dir='ltr'>offeruntur,</span> <span class='ocrx_word' id='word_1_179' title='bbox 923 3825 986 3884; x_wconf 90' lang='lat' dir='ltr'>in</span> <span class='ocrx_word' id='word_1_180' title='bbox 1015 3845 1162 3904; x_wconf 88' lang='lat' dir='ltr'>quos</span> <span class='ocrx_word' id='word_1_181' title='bbox 1205 3826 1323 3884; x_wconf 91' lang='lat' dir='ltr'>duo</span> <span class='ocrx_word' id='word_1_182' title='bbox 1354 3825 1461 3886; x_wconf 85' lang='lat' dir='ltr'>illa</span> <span class='ocrx_word' id='word_1_183' title='bbox 1495 3824 1719 3884; x_wconf 86' lang='lat' dir='ltr'>indicia</span> <span class='ocrx_word' id='word_1_184' title='bbox 1759 3823 2106 3883; x_wconf 86' lang='lat' dir='ltr'>conveniant</span> <span class='ocrx_word' id='word_1_185' title='bbox 2150 3825 2464 3901; x_wconf 84' lang='lat'><strong>924,969,</strong></span> <span class='ocrx_word' id='word_1_186' title='bbox 2502 3839 2677 3900; x_wconf 87' lang='lat'><strong>1059,</strong></span> 
     </span>
     <span class='ocr_line' id='line_1_27' title="bbox 391 3901 2676 3985; baseline 0.001 -22"><span class='ocrx_word' id='word_1_187' title='bbox 391 3923 558 3981; x_wconf 87' lang='lat'>1344,</span> <span class='ocrx_word' id='word_1_188' title='bbox 593 3901 1176 3984; x_wconf 80' lang='lat'>1389,1434,1479.</span> <span class='ocrx_word' id='word_1_189' title='bbox 1263 3905 1446 3985; x_wconf 89' lang='lat' dir='ltr'>Optio</span> <span class='ocrx_word' id='word_1_190' title='bbox 1471 3907 1636 3966; x_wconf 80' lang='lat' dir='ltr'>nulla</span> <span class='ocrx_word' id='word_1_191' title='bbox 1653 3911 1837 3982; x_wconf 85' lang='lat' dir='ltr'>patet,</span> <span class='ocrx_word' id='word_1_192' title='bbox 1867 3905 2183 3965; x_wconf 88' lang='lat' dir='ltr'>dummodo</span> <span class='ocrx_word' id='word_1_193' title='bbox 2201 3905 2415 3965; x_wconf 89' lang='lat' dir='ltr'>codicis</span> <span class='ocrx_word' id='word_1_194' title='bbox 2442 3906 2676 3966; x_wconf 85' lang='lat' dir='ltr'>littera-</span> 
     </span>
     <span class='ocr_line' id='line_1_28' title="bbox 383 3971 2677 4067; baseline 0 -21"><span class='ocrx_word' id='word_1_195' title='bbox 383 3990 572 4054; x_wconf 83' lang='lat' dir='ltr'>turam</span> <span class='ocrx_word' id='word_1_196' title='bbox 611 3987 829 4048; x_wconf 78' lang='lat' dir='ltr'>saeculi</span> <span class='ocrx_word' id='word_1_197' title='bbox 856 3989 946 4047; x_wconf 92' lang='lat' dir='ltr'>XI</span> <span class='ocrx_word' id='word_1_198' title='bbox 976 3989 1072 4048; x_wconf 89' lang='lat' dir='ltr'>vel</span> <span class='ocrx_word' id='word_1_199' title='bbox 1097 3989 1232 4049; x_wconf 85' lang='lat' dir='ltr'>XII</span> <span class='ocrx_word' id='word_1_200' title='bbox 1272 4010 1395 4048; x_wconf 87' lang='lat' dir='ltr'>esse</span> <span class='ocrx_word' id='word_1_201' title='bbox 1431 3989 1733 4067; x_wconf 77' lang='lat' dir='ltr'>propriam</span> <span class='ocrx_word' id='word_1_202' title='bbox 1762 3986 2128 4048; x_wconf 86' lang='lat' dir='ltr'>concedatur.</span> <span class='ocrx_word' id='word_1_203' title='bbox 2208 3987 2271 4046; x_wconf 83' lang='lat' dir='ltr'>N</span> <span class='ocrx_word' id='word_1_204' title='bbox 2272 3992 2525 4065; x_wconf 74' lang='lat' dir='ltr'>egerunt</span> <span class='ocrx_word' id='word_1_205' title='bbox 2564 3971 2677 4046; x_wconf 82' lang='lat' dir='ltr'>hoo</span> 
     </span>
     <span class='ocr_line' id='line_1_29' title="bbox 384 4067 2673 4150; baseline -0.001 -22"><span class='ocrx_word' id='word_1_206' title='bbox 384 4069 790 4148; x_wconf 79' lang='lat' dir='ltr'>palaeographi</span> <span class='ocrx_word' id='word_1_207' title='bbox 817 4070 1213 4130; x_wconf 86' lang='lat' dir='ltr'>Londinenses</span> <span class='ocrx_word' id='word_1_208' title='bbox 1240 4068 1781 4150; x_wconf 83' lang='lat' dir='ltr'>(Palaeographical</span> <span class='ocrx_word' id='word_1_209' title='bbox 1822 4069 2056 4146; x_wconf 81' lang='lat' dir='ltr'>Society</span> <span class='ocrx_word' id='word_1_210' title='bbox 2088 4067 2191 4149; x_wconf 80' lang='lat'>67)</span> <span class='ocrx_word' id='word_1_211' title='bbox 2232 4075 2294 4129; x_wconf 90' lang='lat' dir='ltr'>et</span> <span class='ocrx_word' id='word_1_212' title='bbox 2336 4069 2414 4128; x_wconf 88' lang='lat' dir='ltr'>ad</span> <span class='ocrx_word' id='word_1_213' title='bbox 2452 4088 2673 4128; x_wconf 87' lang='lat' dir='ltr'>annum</span> 
     </span>
     <span class='ocr_line' id='line_1_30' title="bbox 389 4149 2674 4228; baseline -0 -19"><span class='ocrx_word' id='word_1_214' title='bbox 389 4168 538 4212; x_wconf 79' lang='lat'><em>1210</em></span> <span class='ocrx_word' id='word_1_215' title='bbox 580 4152 676 4211; x_wconf 89' lang='lat' dir='ltr'>vel</span> <span class='ocrx_word' id='word_1_216' title='bbox 731 4171 754 4210; x_wconf 91' lang='lat'>1</span> <span class='ocrx_word' id='word_1_217' title='bbox 769 4172 800 4210; x_wconf 86' lang='lat'><em>2</em></span> <span class='ocrx_word' id='word_1_218' title='bbox 808 4166 884 4228; x_wconf 87' lang='lat'>55</span> <span class='ocrx_word' id='word_1_219' title='bbox 934 4151 1339 4212; x_wconf 78' lang='lat' dir='ltr'>ratiocinando</span> <span class='ocrx_word' id='word_1_220' title='bbox 1383 4152 1757 4222; x_wconf 87' lang='lat' dir='ltr'>devenerunt,</span> <span class='ocrx_word' id='word_1_221' title='bbox 1804 4171 1949 4228; x_wconf 88' lang='lat' dir='ltr'>quos</span> <span class='ocrx_word' id='word_1_222' title='bbox 1988 4150 2135 4210; x_wconf 84' lang='lat' dir='ltr'>satis</span> <span class='ocrx_word' id='word_1_223' title='bbox 2180 4154 2243 4209; x_wconf 89' lang='lat' dir='ltr'>et</span> <span class='ocrx_word' id='word_1_224' title='bbox 2298 4149 2674 4209; x_wconf 85' lang='lat' dir='ltr'>Lehmannus</span> 
     </span>
     <span class='ocr_line' id='line_1_31' title="bbox 385 4230 2675 4314; baseline -0.001 -22"><span class='ocrx_word' id='word_1_225' title='bbox 385 4231 579 4295; x_wconf 88' lang='lat' dir='ltr'>Herm.</span> <span class='ocrx_word' id='word_1_226' title='bbox 621 4233 768 4292; x_wconf 88' lang='lat' dir='ltr'>XIV</span> <span class='ocrx_word' id='word_1_227' title='bbox 793 4233 1008 4314; x_wconf 84' lang='lat'><strong>(1879)</strong></span> <span class='ocrx_word' id='word_1_228' title='bbox 1048 4253 1110 4312; x_wconf 90' lang='lat' dir='ltr'>p.</span> <span class='ocrx_word' id='word_1_229' title='bbox 1154 4238 1270 4308; x_wconf 87' lang='lat'>408</span> <span class='ocrx_word' id='word_1_230' title='bbox 1300 4255 1423 4312; x_wconf 86' lang='lat' dir='ltr'>sqq.</span> <span class='ocrx_word' id='word_1_231' title='bbox 1468 4239 1529 4293; x_wconf 89' lang='lat' dir='ltr'>et</span> <span class='ocrx_word' id='word_1_232' title='bbox 1562 4254 1671 4311; x_wconf 85' lang='lat' dir='ltr'>ego</span> <span class='ocrx_word' id='word_1_233' title='bbox 1698 4233 1779 4292; x_wconf 91' lang='lat' dir='ltr'>ib.</span> <span class='ocrx_word' id='word_1_234' title='bbox 1808 4233 1955 4292; x_wconf 92' lang='lat' dir='ltr'>XIX</span> <span class='ocrx_word' id='word_1_235' title='bbox 1992 4253 2051 4310; x_wconf 91' lang='lat' dir='ltr'>p.</span> <span class='ocrx_word' id='word_1_236' title='bbox 2100 4245 2213 4307; x_wconf 84' lang='lat'>274</span> <span class='ocrx_word' id='word_1_237' title='bbox 2248 4230 2675 4307; x_wconf 74' lang='lat' dir='ltr'>redarguimus.</span> 
     </span>
     <span class='ocr_line' id='line_1_32' title="bbox 383 4311 2672 4397; baseline 0 -25"><span class='ocrx_word' id='word_1_238' title='bbox 383 4313 636 4392; x_wconf 77' lang='lat' dir='ltr'>Negavit</span> <span class='ocrx_word' id='word_1_239' title='bbox 687 4316 868 4376; x_wconf 85' lang='lat' dir='ltr'>etiam</span> <span class='ocrx_word' id='word_1_240' title='bbox 911 4316 1395 4377; x_wconf 80' lang='lat' dir='ltr'>Gardthausenus</span> <span class='ocrx_word' id='word_1_241' title='bbox 1437 4314 1837 4397; x_wconf 86' lang='lat' dir='ltr'>(Gnechische</span> <span class='ocrx_word' id='word_1_242' title='bbox 1884 4312 2341 4390; x_wconf 83' lang='lat' dir='ltr'>Palaeographie</span> <span class='ocrx_word' id='word_1_243' title='bbox 2393 4333 2451 4390; x_wconf 89' lang='lat' dir='ltr'>p.</span> <span class='ocrx_word' id='word_1_244' title='bbox 2503 4311 2672 4390; x_wconf 87' lang='lat'><strong>405),</strong></span> 
     </span>
     <span class='ocr_line' id='line_1_33' title="bbox 381 4394 2674 4477; baseline -0 -21"><span class='ocrx_word' id='word_1_245' title='bbox 381 4416 726 4476; x_wconf 84' lang='lat' dir='ltr'>quamquam</span> <span class='ocrx_word' id='word_1_246' title='bbox 759 4397 1020 4458; x_wconf 88' lang='lat' dir='ltr'>codicem</span> <span class='ocrx_word' id='word_1_247' title='bbox 1063 4398 1385 4477; x_wconf 81' lang='lat' dir='ltr'>inspexisse</span> <span class='ocrx_word' id='word_1_248' title='bbox 1432 4419 1549 4458; x_wconf 90' lang='lat' dir='ltr'>non</span> <span class='ocrx_word' id='word_1_249' title='bbox 1585 4397 1861 4457; x_wconf 86' lang='lat' dir='ltr'>videtur.</span> <span class='ocrx_word' id='word_1_250' title='bbox 1919 4401 2121 4454; x_wconf 82' lang='lat' dir='ltr'>contra</span> <span class='ocrx_word' id='word_1_251' title='bbox 2154 4413 2327 4472; x_wconf 86' lang='lat' dir='ltr'>quem</span> <span class='ocrx_word' id='word_1_252' title='bbox 2372 4394 2674 4455; x_wconf 85' lang='lat' dir='ltr'>sufficiunt</span> 
     </span>
     <span class='ocr_line' id='line_1_34' title="bbox 381 4477 2673 4562; baseline 0.001 -24"><span class='ocrx_word' id='word_1_253' title='bbox 381 4499 524 4558; x_wconf 82' lang='lat' dir='ltr'>quae</span> <span class='ocrx_word' id='word_1_254' title='bbox 555 4486 618 4539; x_wconf 81' lang='lat' dir='ltr'>et</span> <span class='ocrx_word' id='word_1_255' title='bbox 643 4478 1018 4539; x_wconf 87' lang='lat' dir='ltr'>Lehmannus</span> <span class='ocrx_word' id='word_1_256' title='bbox 1046 4485 1108 4539; x_wconf 81' lang='lat' dir='ltr'>et</span> <span class='ocrx_word' id='word_1_257' title='bbox 1134 4501 1241 4558; x_wconf 81' lang='lat' dir='ltr'>ego</span> <span class='ocrx_word' id='word_1_258' title='bbox 1268 4480 1719 4562; x_wconf 81' lang='lat' dir='ltr'>disputavimus.</span> <span class='ocrx_word' id='word_1_259' title='bbox 1802 4478 2024 4538; x_wconf 86' lang='lat' dir='ltr'>Verum</span> <span class='ocrx_word' id='word_1_260' title='bbox 2061 4479 2181 4537; x_wconf 86' lang='lat' dir='ltr'>iam</span> <span class='ocrx_word' id='word_1_261' title='bbox 2213 4481 2351 4538; x_wconf 78' lang='lat' dir='ltr'>ante</span> <span class='ocrx_word' id='word_1_262' title='bbox 2388 4498 2481 4539; x_wconf 85' lang='lat' dir='ltr'>me</span> <span class='ocrx_word' id='word_1_263' title='bbox 2512 4477 2673 4540; x_wconf 86' lang='lat' dir='ltr'>idem</span> 
     </span>
     <span class='ocr_line' id='line_1_35' title="bbox 379 4559 1791 4624; baseline 0.003 -4"><span class='ocrx_word' id='word_1_264' title='bbox 379 4559 748 4624; x_wconf 80' lang='lat' dir='ltr'>divinaverat</span> <span class='ocrx_word' id='word_1_265' title='bbox 767 4561 1156 4624; x_wconf 84' lang='lat' dir='ltr'>Lehmannus.</span> <span class='ocrx_word' id='word_1_266' title='bbox 1786 4589 1791 4594; x_wconf 52' lang='lat'>¹</span> 
     </span>
    </p>
   </div>
  </div>
 </body>
</html>
