3325 5134
549 274 668 340 viii
1435 269 1962 336 PRAEFATIO.

549 441 944 534 constabit,
997 441 1214 518 modo
1265 441 1510 542 ipsum
1559 441 1833 518 librum
1889 441 2353 544 inspexerint
2374 448 2420 518 ¹.
2522 439 2857 517 Patriam

550 560 821 637 codicis
871 559 1198 635 Athoem
1247 569 1578 634 montem
1629 559 2113 660 probabiliter
2153 588 2224 662 p.
2274 565 2414 652 287
2460 559 2857 635 adsecutus

549 705 735 754 sum.
839 677 1148 754 Certum
1199 685 1317 752 est
1367 675 1939 777 Townleyanum
1975 685 2055 752 et
2088 677 2461 755 Venetum
2492 677 2555 751 B
2592 675 2861 750 Eusta-

549 795 842 894 thiique
866 793 946 868 in
972 793 1292 880 Iliadem
1319 793 1901 886 commentarios,
1930 793 2077 878 alia
2109 791 2200 880 ut
2232 799 2541 886 taceam,
2566 791 2857 869 saeculo

551 909 746 987 XIV
778 911 874 986 ab
908 910 1163 986 eodem
1213 909 1528 1000 homine,
1566 911 1825 987 eodem
1878 911 2155 986 scilicet
2204 910 2381 1002 loco,
2418 909 2857 1010 compilatos

551 1055 732 1118 esse,
768 1027 862 1102 ab
896 1053 982 1103 eo
1014 1026 1367 1102 nimirum
1413 1027 1545 1127 qui
1595 1026 2057 1128 Lipsiensem
2092 1055 2278 1105 saec.
2317 1027 2502 1105 XIV
2536 1026 2856 1102 codicem

553 1144 940 1252 descripsit
991 1143 1117 1243 (ib.
1165 1171 1235 1245 p.
1266 1151 1422 1238 264
1467 1144 1690 1244 sqq.).
1795 1143 2105 1220 Saeculo
2166 1143 2505 1247 proximo
2554 1170 2722 1220 cum
2772 1144 2856 1218 in

553 1261 850 1368 ltaliam
901 1262 1144 1337 nescio
1194 1288 1344 1360 qua
1377 1260 1502 1336 via
1550 1261 1906 1337 advectus
1954 1261 2036 1336 in
2088 1261 2523 1337 Florentina
2574 1259 2871 1336 Salvia--

549 1389 801 1456 torum
849 1377 1293 1455 bibliotheca
1342 1388 1363 1418 ‘
1387 1405 1522 1479 pro
1569 1377 1862 1454 cimelio
1882 1377 1901 1408 '
1950 1379 2471 1454 adservaretur
2492 1385 2539 1468 ²,
2580 1376 2857 1452 famam

550 1495 852 1602 quidem
917 1522 1092 1570 mox
1159 1494 1361 1597 apud
1428 1495 1765 1570 eruditos
1828 1494 2131 1571 videtur
2166 1497 2517 1606 'adeptus
2597 1495 2856 1596 paucis

549 1621 803 1688 tamen
835 1610 1189 1713 patuisse.
1259 1611 1485 1687 Petro
1517 1611 1843 1688 Victorio
1877 1610 2301 1687 Florentino
2338 1612 2658 1709 (1499-1
2678 1611 2857 1712 584)

551 1729 886 1834 contigit,
946 1739 1039 1806 ut
1096 1728 1476 1830 integrum
1538 1728 2053 1830 apographum
2112 1757 2159 1804 a
2218 1729 2563 1830 diligenti
2620 1727 2859 1804 scriba

551 1845 964 1922 confectum
1007 1845 1596 1923 nancisceretur:
1647 1846 1847 1922 unde
1880 1845 2309 1924 Victoriana
2354 1843 2630 1922 scholia
2676 1844 2871 1922 haec

550 1961 724 2064 inde
757 1991 804 2038 a
837 1961 1177 2039 Bekkero
1209 1972 1586 2039 vocantur.

653 2081 910 2158 Codex
935 2080 1170 2181 igitur
1192 2079 1721 2180 V(ictorianus)
1758 2079 1887 2158 N0.
1926 2106 1957 2156 1
1970 2087 2016 2157 6
2052 2080 2477 2157 chartaceus
2512 2077 2593 2154 in
2633 2093 2721 2174 4⁰
2760 2103 2801 2175 3
2817 2105 2847 2156 1

550 2189 704 2298 fere
738 2196 952 2272 lineis
985 2223 1121 2296 per
1153 2196 1484 2296 singulas
1519 2197 1832 2298 paginas
1858 2198 2181 2273 exaratis
2205 2221 2345 2294 457
2375 2197 2573 2273 foliis
2596 2195 2857 2273 eadem

550 2339 780 2398 manu
815 2312 1108 2413 scriptis
1153 2314 1602 2414 compositus
1640 2323 1761 2390 est
1782 2323 1827 2392 ⁸.
1917 2315 2140 2390 Hunc
2172 2340 2269 2390 ex
2302 2311 2853 2415 T(ownleyano)

551 2425 973 2506 derivatum
1014 2456 1173 2505 esse
1223 2440 1619 2530 postquam
1671 2431 2012 2533 Heynius
2062 2431 2482 2506 examinato
2532 2433 2873 2532 utroque

551 2545 741 2622 libro
806 2547 1134 2623 breviter
1199 2546 1416 2637 dixit,
1485 2549 1783 2650 saepius
1849 2558 1930 2625 et
1999 2547 2471 2624 adfirmatum
2538 2555 2656 2623 est
2679 2555 2711 2596 ⁴
2778 2557 2861 2623 et

547 2662 978 2739 dubitatum
1000 2671 1062 2740 ⁵:
1113 2671 1363 2740 tamen
1399 2664 1748 2766 Heynius
1774 2692 2036 2742 verum
2061 2664 2276 2740 vidit.
2361 2660 2624 2765 Neque
2657 2664 2857 2739 enim

547 2779 830 2882 primae
875 2789 1174 2856 tantum
1225 2806 1491 2856 manus
1541 2781 1819 2858 scholia
1862 2783 1925 2858 Τ
1968 2780 2097 2858 sed
2140 2780 2371 2857 etiam
2419 2779 2725 2856 alterius
2775 2781 2858 2856 in

551 2897 621 2975 V
652 2897 1007 2999 leguntur
1037 2922 1336 2998 prorsus
1377 2899 1658 2988 eadem,
1697 2904 1776 2975 et
1808 2898 1989 2975 locis
2024 2897 2465 2998 quibusdam
2490 2896 2583 2988 in
2606 2897 2667 2972 T
2700 2897 2857 2974 fere

569 3079 580 3098 ι
633 3049 654 3087 ¹
688 3049 1009 3128 Imaginem
1051 3048 1428 3127 Townleyani
1467 3049 1741 3126 vulgavit
1790 3027 2002 3128 Heyne
2054 3055 2190 3130 post
2246 3049 2281 3110 I
2326 3048 2538 3110 Iliadis
2582 3039 2865 3110 volumen

551 3131 676 3192 tab.
715 3130 772 3188 D
810 3151 930 3190 non
973 3131 1116 3192 satis
1158 3138 1512 3206 accuratam,
1541 3133 2001 3210 pulcherrimam
2032 3133 2434 3212 Thompsonus
2466 3133 2661 3193 editor
2701 3133 2860 3193 Lon-

551 3210 812 3272 dinensis
839 3211 987 3292 (Pal.
1017 3211 1147 3273 Soc.
1175 3213 1296 3273 tab.
1329 3212 1450 3294 67).

571 3297 576 3304 ’
634 3292 659 3326 ’¹
701 3293 1048 3353 Holstenius
1085 3313 1219 3353 cum
1272 3294 1336 3352 in
1379 3295 1463 3353 M.
1491 3293 1868 3354 Lilienthalii
1908 3292 2157 3354 Selectis
2200 3293 2523 3354 Historicis
2564 3297 2629 3354 et
2667 3293 2863 3354 Litte-

551 3374 729 3436 rariis
769 3373 845 3450 (a.
881 3387 1035 3450 1715
1078 3393 1135 3452 p.
1179 3377 1256 3450 98
1306 3395 1391 3452 sq.
1433 3376 1506 3434 cf.
1551 3374 1762 3450 Heyne
1802 3375 1879 3434 11.
1919 3374 2024 3435 ΠΙ
2060 3395 2121 3454 Ρ.
2155 3375 2319 3454 CIV)
2362 3373 2436 3434 de
2476 3375 2675 3435 codice
2716 3395 2863 3454 quo-

552 3457 688 3518 dam
717 3455 928 3514 Iliadis
956 3454 1217 3514 Mediceo
1244 3459 1579 3533 exponeret,
1608 3455 1754 3514 haec
1780 3455 2019 3534 scripsit
2042 3474 2058 3515 ε

637 3541 652 3567 ‘
672 3537 851 3594 Hunc
884 3535 1238 3595 scholiasten
1275 3536 1523 3594 eundem
1559 3555 1688 3596 esse
1716 3535 2075 3613 deprehendi
2110 3555 2242 3595 cum
2278 3555 2348 3596 eo
2389 3553 2563 3613 quem
2606 3534 2863 3598 Salviati

551 3635 661 3696 pro
701 3614 928 3675 cimelio
967 3621 1290 3690 asservant,
1330 3615 1448 3674 nisi
1489 3616 1649 3694 quod
1688 3615 1784 3674 illi
1838 3617 2051 3694 primis
2101 3616 2334 3694 aliquot
2378 3617 2613 3695 paginis
2666 3618 2863 3679 diver-

553 3715 756 3757 sarum
791 3696 1245 3755 annotationum
1274 3697 1512 3774 farrago
1547 3697 1830 3756 adiuncta
1862 3698 1958 3768 sit,
1986 3717 2104 3774 quo
2138 3704 2476 3758 assumento
2514 3699 2699 3759 codex
2732 3700 2860 3759 Me-

553 3777 754 3836 diceus
795 3781 973 3836 caret.
1059 3775 1211 3836 Sane
1249 3796 1460 3855 operae
1499 3778 1760 3855 pretium
1802 3782 1956 3838 esset
1995 3778 2293 3855 exemplar
2330 3779 2440 3840 hoc
2474 3779 2629 3859 (scil.
2672 3781 2862 3841 Medi-

551 3855 748 3937 ceum)
775 3861 1074 3916 vetustate
1115 3859 1334 3934 passim
1365 3878 1634 3918 arrosum
1674 3855 1749 3917 et'
1777 3877 2015 3918 exesum
2056 3859 2347 3919 recenseri
2386 3880 2425 3920 a
2450 3861 2583 3921 viro
2610 3863 2863 3941 quodam

552 3939 728 3998 docto
787 3942 849 3996 et
903 3937 1168 4015 componi
1223 3958 1356 3998 cum
1409 3939 1603 3998 codice
1659 3938 2061 3999 Salviatorum
2116 3943 2179 3998 et
2222 3961 2357 4000 cum
2412 3941 2600 4003 altero
2655 3944 2863 4004 itidem

551 4023 786 4080 vetusto
831 4015 938 4097 qui
984 4023 1183 4078 exstat
1208 4019 1370 4096 apud
1418 4018 1819 4079 Marcbionem
1874 4019 2257 4081 Riciardum:
2316 4029 2519 4102 posset
2572 4024 2731 4086 enim
2786 4045 2864 4086 ex

553 4099 780 4164 cunctis
806 4097 1076 4176 egregius
1103 4098 1448 4159 scholiorum
1475 4107 1644 4160 cento
1670 4099 1943 4160 contexi!

636 4181 660 4216 ⁸
703 4179 948 4240 Homeri
996 4177 1216 4239 scholia
1261 4179 1484 4258 excipit
1535 4181 1719 4240 codex
1775 4180 2104 4242 Hesiodeus
2157 4181 2236 4244 ab
2284 4183 2621 4266 antiquiore
2666 4185 2865 4248 scriba

557 4261 850 4321 confectus
876 4264 939 4320 et
966 4279 1072 4336 per
1099 4261 1492 4340 bibliopegam
1522 4262 1836 4322 subnexus.

639 4345 662 4374 ⁴
709 4341 885 4400 Velut
913 4362 948 4398 a
975 4340 1278 4401 Dindorfio
1306 4343 1407 4401 ΙΙΙ
1437 4363 1490 4420 p.
1519 4343 1677 4402 1X*.

581 4465 624 4496 2..
639 4425 660 4454 θ’
708 4421 880 4498 Velut
921 4441 974 4500 a„
999 4421 1280 4504 Roemero
1307 4424 1448 4502 (Die
1489 4425 1894 4502 exegetischen
1940 4425 2213 4488 Scholion
2242 4429 2347 4488 der
2372 4429 2519 4490 Ilias
2548 4428 2630 4489 im
2660 4429 2864 4492 Codex

555 4503 820 4563 Venetus
857 4501 928 4577 B,
956 4501 1253 4567 Munehen
1301 4509 1455 4586 1879
1497 4529 1556 4589 Ρ.
1591 4527 1616 4568 1
1634 4509 1790 4591 10²⁸),
1832 4515 2040 4572 contra
2081 4531 2259 4604 quem
2296 4511 2426 4574 dixi
2468 4511 2675 4577 Herm.
2712 4513 2861 4575 XIX

547 4603 613 4664 Ρ.
653 4596 785 4658 274.
2869 4608 2878 4618 ‘
