3325 5134
581 304 738 370 xxiv
1471 303 1997 371 PRAEFATIO.

581 500 728 589 quo
779 515 971 590 quae
1013 485 1189 563 olim
1225 513 1510 563 mecum
1546 489 1627 564 Ο.
1668 487 1759 562 de
1796 487 2183 566 Gebhardt
2214 489 2532 593 benigne
2564 520 2887 572 commu·

581 607 952 680 nicaverat
996 605 1279 703 (Herm.
1320 604 1510 679 XIX
1541 632 1610 704 p.
1656 627 1801 702 559
1854 604 2072 707 sqq.),
2110 615 2477 708 quatenus
2530 639 2715 713 opus
2752 620 2883 702 est,

579 731 874 822 repeto:
2026 723 2035 730 ’
2914 769 2917 772 ·

663 909 680 938 ‘
701 903 917 979 Codex,
947 925 1122 985 quem
1169 904 1308 967 olim
1355 903 1626 966 Muretus
1665 905 2087 985 Francogallus
2128 904 2466 988 (1526-85)
2508 908 2750 984 Romae,
2778 909 2885 970 ubi

578 999 719 1059 inde
764 1001 838 1061 ab
877 1020 1032 1061 anno
1076 1021 1099 1059 1
1115 1004 1230 1076 563
1277 1001 1640 1073 versabatur,
1672 1001 1885 1062 deinde
1934 1001 2247 1079 collegium
2288 1003 2429 1062 fidei
2472 1004 2885 1083 propagandae

580 1094 940 1155 Iesuitamm
957 1095 1282 1154 Romanum
1301 1092 1630 1173 (conditum
1650 1115 1703 1154 a.
1722 1093 1904 1174 1622)
1920 1096 2273 1174 possederat,
2295 1096 2359 1156 in
2383 1094 2449 1170 4⁰
2471 1102 2582 1174 167
2603 1098 2745 1158 folia
2766 1119 2884 1158 non

580 1193 888 1248 numerata
937 1189 1187 1266 trigenis
1234 1188 1424 1248 ternis
1468 1208 1576 1266 per
1623 1187 1885 1266 singulas
1940 1188 2187 1267 paginas
2236 1189 2408 1249 lineis
2454 1191 2884 1268 complectitur.

580 1281 778 1342 Primo
806 1282 943 1342 folio
975 1287 1204 1342 mature
1233 1282 1444 1342 amisso
1474 1283 1769 1341 recentius
1798 1282 2100 1342 successit.
2183 1281 2355 1343 Adde
2384 1285 2545 1360 quod
2586 1285 2885 1363 scriptura

579 1377 644 1434 in
685 1376 858 1435 initio
901 1382 962 1436 et
1001 1375 1118 1435 fine
1161 1377 1281 1436 fere
1327 1397 1500 1436 exesa
1547 1396 1721 1454 aegre
1770 1381 1832 1436 et
1881 1397 1954 1436 ne
2002 1397 2179 1454 aegre
2225 1378 2462 1455 quidem
2508 1378 2626 1456 legi
2668 1384 2882 1457 potest.

577 1470 702 1530 Fol.
750 1490 775 1529 1
823 1475 884 1528 et
931 1491 960 1529 2
1008 1470 1219 1530 Iliadis
1259 1491 1540 1547 personae
1577 1471 1707 1529 vita
1755 1475 1961 1548 poetae
2004 1470 2307 1548 signorum
2350 1471 2693 1531 criticorum
2744 1493 2885 1532 con-

577 1570 814 1640 spectus
837 1563 875 1635 ¹,
934 1563 1186 1640 denique
1232 1563 1374 1623 libri
1421 1563 1598 1641 primi
1647 1562 2031 1623 summarium
2074 1565 2411 1625 uncialibus
2452 1586 2489 1624 a
2530 1566 2883 1626 scholiorum

575 1657 925 1717 minusculis
953 1663 1023 1717 ut
1051 1664 1246 1717 cetera
1274 1677 1504 1735 quoque
1535 1657 1851 1716 summaria
1877 1657 2223 1719 distinctum
2251 1659 2601 1732 exhibetur3
2644 1661 2783 1719 folio
2818 1671 2886 1735 3²¹

576 1751 655 1811 ad
680 1757 910 1810 textum
941 1751 1276 1829 scholisque
1303 1751 1616 1813 transitur.
1700 1751 1934 1812 Priores
1960 1757 2081 1812 tres
2107 1752 2248 1813 libri
2274 1752 2615 1832 theologicis
2643 1755 2885 1832 quibus-

579 1846 716 1906 dam
745 1845 1158 1923 excipiuntur.'

681 1993 848 2072 Hoc
915 1994 1150 2097 igitur
1201 1993 1703 2099 fragmentum
1754 2023 1799 2072 a
1848 1995 2270 2072 Matritensi
2330 1995 2670 2072 avulsum
2722 2023 2883 2072 esse

579 2123 884 2214 propter
937 2113 1515 2214 descriptionum
1583 2140 2023 2189 consensum
2074 2114 2255 2187 mihi
2314 2139 2547 2211 paene
2599 2120 2884 2189 certum

575 2228 897 2304 videtur.
1029 2229 1389 2304 Messinae
1447 2229 1684 2342 igitur
1748 2229 1944 2304 hunc
2009 2227 2287 2304 librum
2352 2228 2531 2303 olim
2601 2239 2884 2304 emerat

577 2342 1114 2420 Constantinus
1149 2344 1522 2420 Lascarisss·

681 2485 744 2538 2.
800 2460 1280 2536 Meminimus
1315 2461 1579 2537 Ianum
1616 2459 2097 2538 Constantini
2131 2462 2432 2537 fratrem
2470 2460 2871 2563 principem

573 2567 1014 2652 scholiorum
1077 2578 1146 2653 D
1201 2578 1603 2654 editionem
1654 2579 1937 2654 Romae
1996 2602 2083 2675 15
2104 2604 2189 2672 19
2242 2579 2447 2679 typis
2508 2578 2879 2678 gymnasii

575 2695 1069 2771 Mediceorum
1126 2695 1394 2796 graeci,
1466 2696 1586 2771 cui
1655 2705 1838 2772 tunc
1898 2705 2257 2796 praeerat,
2316 2694 2880 2795 imprimendam

573 2838 884 2889 curasse.
1018 2811 1132 2888 De
1201 2812 1546 2890 subsidiis
1616 2812 1768 2889 suis
1841 2812 2116 2888 librum
2184 2813 2431 2915 ipsum
2486 2812 2592 2886 ita
2652 2811 2880 2886 Ianus

575 2931 752 3007 facit
788 2928 1290 3030 praefantem:

659 3122 676 3152 ‘
694 3115 942 3176 Homeri
981 3112 1276 3196 interpres
1323 3121 1705 3196 pervetustus
1757 3117 2008 3179 infinitis
2051 3115 2468 3198 propemodum
2505 3115 2882 3194 malignitate

571 3217 902 3291 temporum
937 3212 1229 3274 laceratus
1268 3213 1463 3292 plagis
1505 3215 1835 3275 Mediceum
1876 3215 2019 3274 olim
2058 3213 2385 3289 Quirinalis
2425 3213 2545 3272 iam
2588 3212 2882 3272 Caballini

575 3306 797 3366 mont-is
838 3307 1208 3384 gymnasium
1251 3308 1398 3381 adii,
1427 3308 1631 3386 ibique
1664 3308 1824 3368 haud
1864 3328 2047 3387 parvo
2080 3307 2319 3385 negotio
2355 3305 2420 3365 in
2448 3305 2750 3385 integrum
2792 3326 2883 3364 re-

575 3401 826 3462 stitutus
853 3421 1040 3480 purus
1069 3400 1413 3478 nitidusque
1443 3445 1458 3461 .
1490 3445 1505 3461 .
1536 3445 1550 3460 .
1585 3401 1648 3460 in
1678 3400 1870 3461 lucem
1903 3401 2157 3479 prodeo?

677 3565 1006 3656 Quaerat
1079 3561 1446 3663 quispiam
1513 3588 1697 3636 num
1766 3559 1957 3636 forte
2043 3559 2316 3635 librum
2404 3557 2879 3634 Constantini

571 3677 1414 3756 Romanomatritensem
1450 3679 1543 3754 ad
1593 3678 1999 3779 principem
2035 3677 2437 3752 editionem
2491 3675 2715 3751 Ianus
2751 3676 2881 3752 ad-

573 3797 919 3872 hibuerit.
1023 3797 1363 3898 Agedum
1416 3796 1872 3873 conferamus
1917 3793 2273 3869 nonnulla
2322 3793 2736 3870 Gebhardti
2783 3821 2877 3868 ex

573 3914 988 4014 fragmento
1023 3914 1356 3989 Romano
1396 3913 1518 4014 (R)
1551 3919 1895 4013 excerpta
1927 3939 2093 3987 cum
2131 3911 2567 3987 Lascaridea
2605 3910 2789 4011 (La).

674 4029 1203 4131 Prolegomena
1260 4057 1451 4130 quae
1506 4056 1599 4106 ex
1650 4029 1719 4104 R
1778 4027 2203 4105 enumeravi
2253 4054 2404 4103 non
2452 4027 2678 4103 habet
2728 4028 2878 4119 La;

572 4148 1124 4249 inscriptionem
1171 4149 1474 4248 Ὁμήρου
1521 4146 1729 4227 ’Ῑλιᾶς
1770 4147 1861 4237 R,
1915 4149 2170 4246 σχόλια
2223 4147 2481 4220 παλαιὰ
2532 4153 2661 4220 τῶν
2711 4145 2881 4218 πάνυ

573 4267 846 4351 δοκίμων
907 4269 992 4345 εἷς
1043 4267 1163 4350 τὴν
1216 4267 1518 4366 Ὁμήρου
1575 4265 1835 4340 Ἰλιάδα
1904 4265 2037 4340 La.
2160 4263 2323 4341 Iam
2373 4263 2740 4364 adponam
2811 4261 2878 4338 R

574 4382 987 4459 subiunctis
1023 4380 1364 4458 editionis
1399 4383 1509 4458 La
1543 4381 2097 4484 discrepantiis:

869 4585 886 4618 ¹
925 4583 1016 4646 Cf.
1045 4585 1340 4649 Dindorfii
1367 4590 1481 4652 vol.
1511 4589 1545 4650 1
1573 4611 1629 4669 p.
1663 4591 1869 4651 XLIII
1900 4597 1959 4651 et
1992 4591 2197 4652 Herm.
2228 4587 2267 4649 1.
2288 4609 2335 4650 c.
2366 4606 2425 4668 p.
2458 4602 2595 4664 574.
