3325 5134
1306 306 1833 372 PRAEFATIO.
2520 305 2723 370 xxxiii

405 489 781 560 zetemata
835 482 1253 584 scholisque
1300 483 1598 557 aliunde
1651 479 2017 557 inseruit¹.
2124 477 2260 554 Vel
2316 477 2721 579 Lipsiensis

403 605 660 694 codex,
688 630 908 703 quem
945 631 1038 678 ex
1074 603 1137 677 B
1161 603 1222 676 T
1258 609 1336 675 et
1374 599 1770 674 Eustathio
1805 598 2199 674 conflatum
2226 624 2384 672 esse
2409 606 2719 684 constat,

405 748 506 794 ex
542 721 612 794 D
648 720 1003 796 nonnulla
1036 719 1430 821 supplevit.
1537 716 1757 810 Quod
1791 744 1961 791 cum
1994 741 2112 789 me
2146 715 2442 816 fugeret
2463 716 2715 792 Herm.

405 837 596 912 XIX
626 867 698 939 p.
732 845 872 932 285
901 865 1031 938 sq..
1067 848 1342 912 restare
1374 836 1536 912 dixi
1562 861 1727 908 rara
1763 833 2126 934 quaedam
2166 833 2467 932 (glossas
2502 859 2719 933 prae·

405 956 693 1055 sertim)
731 983 1046 1056 quorum
1084 981 1222 1055 ego
1270 955 1626 1054 originem
1672 952 2049 1028 nescirem.
2152 951 2452 1026 Novum
2487 951 2720 1051 igitur

405 1073 549 1148 hoc
580 1100 786 1148 meae
822 1073 914 1148 de
948 1072 1314 1173 Lipsiensi
1358 1071 1960 1146 commentationi
2009 1068 2235 1143 velim
2282 1067 2640 1167 adiungas
2670 1077 2714 1142 2.

407 1189 760 1290 Denique
801 1191 1242 1265 recentiores
1280 1189 1580 1279 librarii,
1618 1188 1747 1289 qui
1790 1188 1963 1263 inde
2006 1213 2050 1261 a
2095 1213 2149 1261 s.
2198 1185 2397 1259 XIII
2441 1184 2721 1260 codices

404 1309 486 1381 A
515 1307 581 1380 B
607 1309 669 1381 T
705 1307 1232 1382 additamentis
1264 1304 1528 1382 multis
1576 1312 1961 1395 auxerunt,
1997 1330 2263 1406 genere
2299 1302 2369 1377 D
2404 1303 2720 1378 libenter

405 1425 839 1499 utebantur.
977 1423 1191 1510 Quod
1261 1433 1628 1524 quantum
1697 1423 1792 1498 ad
1861 1421 2169 1496 alteram
2238 1419 2717 1520 Townleyani

403 1566 715 1614 manum
750 1568 804 1616 s,
859 1541 1064 1615 XIII
1117 1550 1197 1616 et
1239 1543 1535 1615 tertiam
1575 1541 1697 1615 vel
1746 1539 2224 1640 posteriorem
2258 1547 2456 1614 recte
2506 1538 2717 1612 aesti-

403 1657 718 1732 mandas
752 1659 1104 1748 conferat,
1139 1657 1512 1733 volumine
1549 1658 1780 1734 altero
1816 1657 2121 1757 patebit.

1858 1833 2269 1908 Esnssrus
2322 1833 2612 1910 MAAss.

587 2008 864 2072 Berolini
891 2030 965 2073 m.
1007 2009 1132 2075 Oct.
1171 2009 1356 2092 1885.

493 2285 514 2317 ¹
559 2285 650 2343 Cf.
689 2303 876 2343 meam
906 2285 980 2343 de
1010 2284 1281 2344 Leidensi
1313 2285 1864 2344 commentationem
1892 2283 2101 2344 Herm.
2126 2283 2281 2342 XIX
2310 2303 2406 2362 pp.
2433 2285 2714 2358 534-564

405 2373 470 2425 et
501 2364 893 2424 Schraderum
922 2366 1000 2424 ib.
1031 2367 1145 2424 XX
1173 2385 1271 2444 pp.
1300 2370 1601 2442 380-406.
1653 2368 1885 2426 ‘Inesse
1914 2387 2097 2444 pauca
2124 2367 2186 2425 in
2217 2367 2325 2438 Ld,
2354 2387 2503 2445 quae
2532 2386 2719 2443 neque

405 2448 474 2506 in
519 2449 570 2505 B
611 2467 796 2525 neque
837 2449 900 2506 in
943 2447 1240 2506 hodiernis
1283 2447 1632 2507 scholiorum
1676 2449 1733 2506 D
1777 2448 2139 2508 editionibus
2189 2448 2579 2508 Eustathiove
2624 2468 2716 2506 re-

403 2530 729 2606 periantur,
759 2530 882 2606 ipse
926 2535 987 2588 et
1021 2535 1164 2588 tunc
1199 2529 1322 2587 dixi
1360 2550 1418 2606 p.
1459 2532 1575 2604 546
1611 2537 1673 2590 et
1709 2548 1826 2605 554
1870 2531 2006 2588 adn.
2050 2538 2110 2589 et
2147 2537 2367 2608 postea,
2398 2550 2530 2588 cum
2566 2529 2715 2588 mihi

409 2612 642 2684 ἱστορίας
680 2610 1188 2688 mythographicas
1236 2631 1311 2670 ex
1355 2611 1592 2670 scholiis
1649 2631 2069 2689 componerem,
2118 2612 2522 2671 confirmatum
2572 2612 2713 2671 vidi.

407 2691 552 2750 Alia
598 2692 881 2767 quaedam
918 2692 1234 2768 diligenter
1266 2700 1336 2750 ut
1374 2694 1519 2752 solet
1558 2693 1917 2752 Schrader-us
1954 2713 2144 2770 nuper
2186 2695 2471 2770 suggessit
2510 2694 2711 2752 Herm.

409 2773 523 2832 XX
551 2794 608 2850 p.
643 2777 756 2848 387
797 2793 918 2851 sqq.
1002 2773 1170 2832 Inter
1210 2793 1362 2850 quae
1398 2775 1580 2833 fuisse
1622 2777 1717 2834 vel
1757 2781 2044 2834 zetemata
2086 2777 2365 2834 nonnulla
2402 2775 2715 2850 Porphyrii

407 2854 636 2913 effecit:
713 2875 1066 2932 quamquam
1133 2862 1270 2914 sunt
1329 2877 1480 2932 quae
1544 2857 1814 2916 eximam.
1915 2855 2078 2915 Hinc
2146 2858 2423 2916 lemmata
2480 2875 2713 2932 quoque

409 2935 726 3013 Porphyrii
774 2937 838 2994 in
883 2937 932 2994 B
982 2943 1041 2996 et
1081 2938 1138 2995 D
1181 2936 1396 2996 omissa
1437 2939 1695 3016 potuisse
1739 2938 1879 2997 addi
1924 2937 2073 2997 mihi
2120 2939 2277 2998 idem
2319 2938 2613 3015 persuasit
2654 2958 2713 3013 p.

411 3021 526 3092 381
563 3038 689 3095 sqq.
775 3019 1096 3078 Transiisse
1124 3024 1322 3078 tamen
1350 3020 1413 3077 in
1442 3017 1534 3078 Ld
1562 3021 1742 3079 etiam
1770 3019 1989 3079 scholia
2018 3020 2091 3077 Β2
2118 3021 2469 3096 cogitatione
2498 3019 2714 3078 iterata

409 3100 615 3157 iisdem
646 3120 799 3176 quae
824 3106 970 3159 tunc
999 3100 1178 3159 attuli
1207 3101 1573 3176 argumentis
1602 3123 1936 3179 consequor.

491 3183 514 3214 ²
557 3181 744 3240 Velut
783 3183 958 3240 schol.
1002 3183 1285 3241 Leidense
1326 3183 1382 3240 A
1432 3203 1542 3241 122
1588 3182 1819 3262 (Herm.
1866 3185 1903 3243 l.
1948 3205 1996 3243 c.
2036 3204 2093 3261 p.
2143 3181 2285 3262 285)
2328 3179 2530 3264 ξυνήια]
2573 3187 2713 3240 κοινὰ

408 3265 646 3336 χρήματα
673 3264 739 3321 in
767 3263 888 3322 solo
917 3264 972 3322 D
1001 3265 1172 3336 inest,
1201 3264 1346 3322 item
1375 3263 1507 3323 alia.

485 4739 632 4790 vot..
665 4739 724 4790 V.
1540 4747 1572 4788 0
