3325 5134
1420 318 1948 384 PRAEFATIO.
2674 312 2837 378 xxiii

509 519 758 595 paene
812 492 1209 593 integrum.
1316 492 1436 567 De
1485 490 1909 568 Matritensi
1956 487 2135 566 haec
2180 487 2274 564 ab
2310 484 2606 564 Iriartio
2640 511 2833 562 com·-

513 611 688 709 peri
723 613 942 714 (Reg.
980 608 1153 685 bibl.
1194 609 1414 684 Matr.
1445 609 1600 685 cod.
1627 635 1736 710 gr.
1765 609 1805 684 I
1833 623 1944 684 n0.
1982 607 2236 682 LXXI
2274 633 2342 707 p.
2380 629 2517 702 255
2558 603 2697 705 sq.)
2728 632 2745 682 ε

603 760 1184 822 ‘'Membranaceus
1163 783 1229 820 111
1260 768 1326 834 40
1353 760 1514 820 foliis
1555 765 1829 822 constans
1864 779 1888 818 1
1905 761 1978 836 78
2011 759 2233 820 litteris
2272 758 2420 820 satis
2460 757 2833 835 elegantibus

515 877 676 918 saec.
707 863 782 916 ut
820 857 1061 916 videtur
1103 855 1264 915 XIII
1305 861 1558 915 exeunte
1599 854 1696 915 vel
1736 854 1983 914 ineunte
2026 853 2175 913 XIV
2215 873 2334 914 una
2374 857 2612 912 tantum
2652 871 2833 942 manu

517 956 808 1010 examtus
857 948 1014 1010 foliis
1054 939 1285 1027 aliquot
1326 949 1436 1008 sub
1477 937 1723 1008 initium
1764 952 1825 1008 et
1872 937 2048 1007 finem
2093 937 2309 1006 codicis
2364 935 2627 1025 improbo
2675 965 2835 1005 mus-

521 1045 796 1105 culorum
844 1044 1020 1104 dente
1064 1063 1321 1116 arrosus,
1364 1043 1467 1102 sed
1510 1043 1600 1102 ita
1641 1047 1713 1102 ut
1752 1041 2023 1102 omnibus
2058 1062 2248 1120 paene
2289 1041 2511 1101 litteris
2548 1041 2835 1101 bestiolae

521 1139 695 1216 quasi
719 1139 1091 1199 litteratulae
1118 1137 1510 1216 pepercerint.
1593 1137 1683 1196 Eo
1724 1137 2105 1196 continentur
2133 1135 2411 1196 scholia
2394 1157 2458 1194 111
2488 1134 2835 1195 Homericae

523 1232 738 1292 Iliadis
793 1233 974 1293 libros
1023 1232 1281 1309 Didymo
1331 1231 1588 1292 attribui
1645 1231 1821 1291 solita
1876 1228 1977 1313 [cf.
2028 1229 2189 1290 infra
2242 1249 2299 1308 p.
2360 1225 2557 1312 xxx⁴.]
2614 1227 2713 1286 sed
2770 1232 2835 1290 in

521 1327 882 1406 posteriores
922 1328 1236 1387 dumtaxat
1275 1326 1518 1386 XVIII.
1602 1325 1807 1386 Codex
1848 1325 2048 1404 priore
2091 1325 2185 1386 sui
2225 1329 2398 1402 parte
2445 1343 2564 1383 non
2620 1345 2835 1405 parum

523 1422 780 1482 mutilus
819 1428 910 1482 est
951 1423 1214 1498 adeoque
1244 1427 1308 1480 et
1349 1421 1612 1481 auctoris
1655 1420 1889 1479 nomine
1932 1425 1994 1479 et
2034 1420 2228 1497 operis
2269 1418 2452 1479 titulo
2495 1419 2831 1486 destitutum

525 1516 706 1590 Quod
733 1515 969 1593 quidem
997 1515 1210 1576 vitium
1255 1514 1548 1592 simulque
1591 1513 1925 1592 scripturae
1966 1514 2146 1572 series
2185 1513 2534 1573 minut-atim
2574 1514 2835 1592 plerum-

525 1629 648 1687 que
679 1616 979 1670 consectae
1005 1609 1103 1669 vel
1145 1609 1288 1668 libri
1329 1609 1632 1668 dominum
1672 1609 1770 1669 vel
1810 1608 2122 1667 librarium
2164 1607 2541 1682 induxerunt,
2571 1615 2642 1669 ut
2681 1610 2837 1670 liber

525 1704 696 1764 intus
744 1703 1003 1781 forisque
1049 1702 1488 1763 vocabularium
1543 1723 1819 1782 graecum
1874 1702 2313 1764 inscriberetur.
2411 1702 2534 1764 Fol.
2585 1705 2711 1764 cod.
2775 1700 2839 1763 2⁰

525 1798 726 1876 operis
761 1804 822 1855 10
847 1803 1098 1875 apparet
1133 1797 1256 1856 8018
1293 1797 1358 1855 111
1387 1797 1681 1875 superiori
1718 1797 1981 1874 margine
2010 1796 2213 1856 littera
2242 1808 2311 1868 H,
2343 1799 2579 1876 septimi
2609 1798 2836 1858 scilicet

526 1891 711 1950 index
747 1891 955 1951 Iliadis
991 1891 1148 1963 libri,
1176 1891 1333 1950 unde
1367 1891 1580 1950 mutila
1616 1891 1759 1950 haec
1788 1890 2011 1950 scholia
2039 1890 2392 1952 incohantur
2418 1894 2495 1951 ab
2532 1892 2625 1952 his
2656 1894 2835 1952 nimi-

525 2007 668 2046 rum
709 1986 905 2045 verbis
948 1985 1015 2044 in
1063 2006 1121 2046 v.
1171 1990 1288 2062 89:
1353 1989 1517 2044 πάλαι
1566 1981 2017 2067 κατατεθνηῶτος]
2064 1987 2225 2043 πάλαι
2270 1989 2653 2046 καταθονόντος.
2758 1987 2836 2048 In

529 2086 758 2139 ceteros
802 2099 942 2139 vero
983 2078 1197 2139 Iliadis
1248 2079 1433 2138 libros
1487 2079 1566 2139 ad
1619 2085 1810 2139 totum
1866 2081 2055 2156 usque‘
2096 2079 2382 2138 XXIVum
2430 2079 2651 2140 scholia
2703 2101 2839 2159 pro-

531 2174 754 2233 cedunt
794 2173 922 2238 sine
963 2172 1323 2246 intermissu,
1352 2173 1442 2232 ita
1474 2178 1546 2232 ut
1578 2172 1731 2232 nihil
1770 2192 1844 2231 ex
1874 2173 1953 2232 iis
1992 2172 2379 2244 desideretur,
2419 2175 2661 2234 tametsi
2702 2195 2837 2252 pos·-

529 2273 723 2328 trema
769 2269 888 2328 duo
933 2267 1076 2328 folia
1124 2268 1348 2328 litteris
1397 2267 1616 2346 partim
1665 2266 1877 2327 deletis
1926 2269 2147 2345 partim
2196 2267 2509 2329 maculosis
2552 2269 2837 2332 laborent.

533 2361 869 2422 Universae
917 2361 1172 2438 denique
1215 2360 1396 2421 codex
1435 2360 1498 2419 in
1535 2360 1679 2420 haec
1722 2361 1973 2420 desinit:
2016 2358 2306 2444 ἀμφίεπον]
2353 2368 2632 2439 περιεῖπον,
2674 2365 2841 2438 ἦσχο·

529 2461 741 2516 moeno.
841 2455 1062 2514 Statim
1117 2455 1342 2532 excipit
1395 2454 1733 2514 huiusmodi
1780 2455 2045 2515 clausula
2102 2457 2305 2516 eadem
2370 2478 2489 2534 qua
2545 2458 2839 2536 reliquum

530 2549 808 2609 volumen
847 2569 1025 2608 manu
1068 2549 1154 2608 sic
1197 2548 1525 2626 descripta:
1579 2551 1808 2624 εὐτυχῶς
1854 2549 2187 2625 πεπλήρωται
2224 2554 2306 2608 καὶ
2342 2553 2373 2623 ἦ
2408 2562 2447 2608 ῶ
2480 2556 2570 2625 τῆς
2602 2554 2841 2614 Ἰλιάδος.

533 2643 918 2703 Postmodum
960 2643 1124 2703 subit
1149 2642 1526 2703 Constantini
1565 2642 1840 2702 Lascaris
1882 2642 2233 2722 idiographa
2275 2645 2661 2724 subscriptio:
2697 2657 2840 2704 Κων-

535 2743 803 2798 σταπῖνος
829 2744 859 2794 ὁ
892 2741 1149 2812 Λάσκαρις
1175 2741 1257 2794 καὶ
1285 2744 1440 2795 τοῦτο
1469 2740 1524 2794 ἐν
1551 2739 1808 2809 Μεσσήνῃ
1836 2742 1928 2809 τῆς
1956 2741 2187 2798 Σικελίας
2216 2740 2466 2810 ὧνὴσατο.
2552 2740 2841 2800 Extremo

533 2832 776 2892 demum
816 2831 882 2890 in
920 2831 1119 2892 codice
1159 2831 1224 2891 id
1258 2831 1450 2890 rarius
1484 2831 1723 2891 obvium
1764 2832 2017 2904 mireris,
2049 2832 2164 2891 duo
2199 2833 2422 2892 scilicet
2449 2833 2591 2892 folia
2624 2837 2736 2909 176
2778 2839 2844 2894 et

544 2939 658 3002 177
685 2945 895 3001 graece
911 2925 1246 3001 conscripta
1263 2925 1491 2984 duobus
1508 2925 1645 2984 aliis
1676 2925 1903 2984 includi
1919 2925 2172 2986 Arabice
2200 2928 2454 2986 exaratis
2475 2927 2534 2984 in
2560 2927 2843 2986 crassiore

537 3020 898 3080 membrana.
980 3019 1113 3078 Iam
1139 3039 1279 3080 vero
1317 3019 1393 3080 ad
1431 3019 1651 3079 scholia
1679 3019 1837 3096 quod
1866 3021 2086 3080 attinet
2112 3039 2251 3081 suae
2285 3021 2408 3081 illis
2445 3042 2555 3100 per
2580 3019 2842 3098 singulos

537 3114 723 3174 libros
750 3118 1039 3192 praeeunt
1066 3113 1417 3192 hypotheses
1444 3112 1543 3174 vel
1579 3120 1930 3190 argumenta
1957 3115 2281 3192 grandibus
2314 3116 2649 3194 oblongulis
2676 3123 2737 3175 et
2764 3117 2843 3176 ad

538 3209 808 3268 dextram
834 3208 1216 3288 vergentibus
1241 3207 1462 3268 litteris
1489 3213 1752 3270 exarata.
1838 3209 2115 3269 Ceterum
2156 3229 2303 3288 opus
2338 3209 2584 3271 minutis
2621 3211 2845 3270 litteris

541 3303 898 3380 descriptum
937 3302 1241 3362 dissimilis
1269 3302 1509 3381 quidem
1551 3303 1788 3376 formae,
1830 3303 1931 3362 sed
1974 3303 2233 3364 eiusdem
2274 3324 2497 3364 manus.
2580 3305 2847 3364 Immane

541 3417 684 3456 sane
723 3396 1044 3456 discrimen
1082 3397 1148 3456 111
1189 3417 1308 3457 11110
1333 3397 1631 3457 volumine
1665 3417 1786 3456 una
1826 3417 2007 3456 manu
2048 3404 2290 3458 exarato
2327 3399 2579 3458 minores
2612 3399 2847 3457 litteras

541 3491 843 3550 saeculum
884 3491 1173 3550 decimum
1207 3491 1457 3550 tertium
1499 3511 1642 3568 prae
1694 3511 1754 3550 se
1796 3491 1971 3563 ferre,
2013 3493 2265 3552 maiores
2308 3491 2624 3573 nonum(!).
2707 3494 2849 3570 Ipsa

543 3591 742 3646 autem
772 3586 993 3645 scholia
1019 3585 1262 3662 perinde
1291 3590 1470 3662 atque
1498 3584 1852 3662 hypotheses
1874 3607 2008 3645 cum
2039 3587 2162 3646 illis
2190 3587 2443 3646 maxime
2472 3586 2849 3647 consentiunt

543 3678 808 3758 (tametsi
837 3679 1092 3738 conferri
1125 3679 1206 3738 sit
1234 3701 1444 3759 operae
1478 3678 1787 3758 pretium),
1819 3700 1967 3758 quae
1998 3681 2257 3740 Homero
2286 3681 2635 3760 expoliendo
2662 3688 2847 3760 atque

541 3773 896 3834 illustrando
923 3774 963 3833 J
967 3793 1106 3834 08118
1133 3774 1454 3834 Barnesius
1483 3773 1821 3852 evulgavit?

647 3893 930 3970 Iriartii
1020 3895 1584 3997 descriptionem
1678 3895 2159 3988 Torstrikius,
2245 3899 2455 3975 cuius
2542 3899 2847 3976 schedas

540 4037 782 4113 nuper
819 4013 1003 4087 mihi
1052 4013 1546 4089 commodavit
1596 4013 1988 4106 Dielesius‚
2026 4015 2426 4105 confirmat,
2460 4017 2608 4091 nisi
2648 4016 2848 4116 quod

543 4129 687 4204 sibi
744 4139 764 4168 ‘
785 4129 1021 4205 multo
1079 4131 1594 4231 antiquiorem,
1647 4131 1955 4207 fortasse
2016 4132 2286 4208 saeculi
2352 4132 2510 4207 XII
2533 4135 2549 4161 ’
2609 4132 2853 4208 videri

541 4245 870 4322 codicem
929 4247 1201 4323 diserte
1265 4249 1637 4348 professus
1698 4258 1837 4326 est.
1941 4249 2161 4344 Quod
2212 4259 2629 4325 antestatus
2681 4274 2851 4324 cum

539 4364 963 4464 fragmento
1003 4364 1426 4440 Matritensi
1458 4366 1540 4440 in
1573 4366 1648 4441 H
1686 4375 1781 4459 69
1818 4367 2203 4466 incipienti
2252 4367 2573 4441 codicem
2621 4363 2850 4466 iungo

537 4507 598 4558 8.
663 4477 958 4554 Χ--ΧΙ
1014 4481 1503 4558 bibliothecae
1560 4483 1874 4560 Victorii
1930 4482 2355 4557 Emanuelis
2409 4481 2847 4572 Romanum,

537 4597 681 4696 qui
739 4597 1076 4675 continet
1125 4599 1350 4676 A--z
1413 4597 1673 4676 Iliadis
1732 4599 2153 4701 desinitque
2205 4599 2285 4676 in
2334 4600 2399 4678 Z
2457 4625 2611 4696 373.
2735 4599 2851 4674 De
