<?xml version="1.0" encoding="UTF-8"?>
<!DOCTYPE html PUBLIC "-//W3C//DTD XHTML 1.0 Transitional//EN"
    "http://www.w3.org/TR/xhtml1/DTD/xhtml1-transitional.dtd">
<html xmlns="http://www.w3.org/1999/xhtml" xml:lang="en" lang="en">
 <head>
  <title>
</title>
<meta http-equiv="Content-Type" content="text/html;charset=utf-8" />
  <meta name='ocr-system' content='tesseract 3.04.00' />
  <meta name='ocr-capabilities' content='ocr_page ocr_carea ocr_par ocr_line ocrx_word'/>
</head>
<body>
  <div class='ocr_page' id='page_1' title='image "./scholiagraecain00homegoog_0014.png"; bbox 0 0 3325 5134; ppageno 0'>
   <div class='ocr_carea' id='block_1_1' title="bbox 525 277 1943 345">
    <p class='ocr_par' dir='ltr' id='par_1_1' title="bbox 525 277 1943 345">
     <span class='ocr_line' id='line_1_1' title="bbox 525 277 1943 345; baseline 0.002 -3"><span class='ocrx_word' id='word_1_1' title='bbox 525 301 566 342; x_wconf 86' lang='lat' dir='ltr'>x</span> <span class='ocrx_word' id='word_1_2' title='bbox 1415 277 1943 345; x_wconf 84' lang='lat' dir='ltr'><strong>PRAEFATIO.</strong></span> 
     </span>
    </p>
   </div>
   <div class='ocr_carea' id='block_1_2' title="bbox 517 449 2841 2430">
    <p class='ocr_par' dir='ltr' id='par_1_2' title="bbox 520 449 2841 1726">
     <span class='ocr_line' id='line_1_2' title="bbox 528 449 2841 552; baseline 0.002 -25"><span class='ocrx_word' id='word_1_3' title='bbox 528 452 708 527; x_wconf 83' lang='lat' dir='ltr'><strong>doro</strong></span> <span class='ocrx_word' id='word_1_4' title='bbox 760 452 1077 528; x_wconf 90' lang='lat' dir='ltr'><strong>electore</strong></span> <span class='ocrx_word' id='word_1_5' title='bbox 1127 451 1412 526; x_wconf 84' lang='lat' dir='ltr'><strong>Romae</strong></span> <span class='ocrx_word' id='word_1_6' title='bbox 1465 449 1823 550; x_wconf 79' lang='lat' dir='ltr'><strong>coemptis</strong></span> <span class='ocrx_word' id='word_1_7' title='bbox 1839 459 1862 498; x_wconf 91' lang='lat'>¹</span> <span class='ocrx_word' id='word_1_8' title='bbox 1898 451 1978 525; x_wconf 93' lang='lat' dir='ltr'><strong>in</strong></span> <span class='ocrx_word' id='word_1_9' title='bbox 2012 451 2389 552; x_wconf 83' lang='lat' dir='ltr'>publicam</span> <span class='ocrx_word' id='word_1_10' title='bbox 2440 453 2841 531; x_wconf 53' lang='lat' dir='ltr'><strong>bibliothem</strong></span> 
     </span>
     <span class='ocr_line' id='line_1_3' title="bbox 523 565 2835 672; baseline 0.001 -27"><span class='ocrx_word' id='word_1_11' title='bbox 523 595 682 645; x_wconf 87' lang='lat' dir='ltr'><strong>cam</strong></span> <span class='ocrx_word' id='word_1_12' title='bbox 719 569 1232 645; x_wconf 88' lang='lat' dir='ltr'><strong>Monacensem</strong></span> <span class='ocrx_word' id='word_1_13' title='bbox 1269 567 1632 669; x_wconf 89' lang='lat' dir='ltr'><strong>pervenit.</strong></span> <span class='ocrx_word' id='word_1_14' title='bbox 1692 565 2037 670; x_wconf 82' lang='lat' dir='ltr'><strong>Magnam</strong></span> <span class='ocrx_word' id='word_1_15' title='bbox 2072 568 2479 647; x_wconf 85' lang='lat' dir='ltr'><strong>Victoriani</strong></span> <span class='ocrx_word' id='word_1_16' title='bbox 2504 581 2835 672; x_wconf 75' lang='lat' dir='ltr'><strong>partem²</strong></span> 
     </span>
     <span class='ocr_line' id='line_1_4' title="bbox 525 684 2833 790; baseline 0.003 -29"><span class='ocrx_word' id='word_1_17' title='bbox 525 685 1007 762; x_wconf 87' lang='lat' dir='ltr'><strong>Immanuelis</strong></span> <span class='ocrx_word' id='word_1_18' title='bbox 1033 685 1358 762; x_wconf 85' lang='lat' dir='ltr'><strong>Bekkeri</strong></span> <span class='ocrx_word' id='word_1_19' title='bbox 1383 684 1612 762; x_wconf 91' lang='lat' dir='ltr'><strong>editio</strong></span> <span class='ocrx_word' id='word_1_20' title='bbox 1637 684 1981 787; x_wconf 89' lang='lat' dir='ltr'><strong>princeps</strong></span> <span class='ocrx_word' id='word_1_21' title='bbox 2004 686 2375 787; x_wconf 88' lang='lat' dir='ltr'><strong>repetivit,</strong></span> <span class='ocrx_word' id='word_1_22' title='bbox 2396 687 2833 790; x_wconf 89' lang='lat' dir='ltr'><strong>plerumque</strong></span> 
     </span>
     <span class='ocr_line' id='line_1_5' title="bbox 523 803 2828 899; baseline 0.001 -19"><span class='ocrx_word' id='word_1_23' title='bbox 523 813 778 880; x_wconf 88' lang='lat' dir='ltr'><strong>tamen</strong></span> <span class='ocrx_word' id='word_1_24' title='bbox 825 830 994 880; x_wconf 92' lang='lat' dir='ltr'><strong>cum</strong></span> <span class='ocrx_word' id='word_1_25' title='bbox 1043 812 1454 880; x_wconf 83' lang='lat' dir='ltr'><strong>ceterarum</strong></span> <span class='ocrx_word' id='word_1_26' title='bbox 1485 803 1817 879; x_wconf 90' lang='lat' dir='ltr'><strong>codicum</strong></span> <span class='ocrx_word' id='word_1_27' title='bbox 1868 804 2218 880; x_wconf 91' lang='lat' dir='ltr'><strong>memoria</strong></span> <span class='ocrx_word' id='word_1_28' title='bbox 2266 803 2379 880; x_wconf 86' lang='lat' dir='ltr'><strong>ita</strong></span> <span class='ocrx_word' id='word_1_29' title='bbox 2428 805 2828 899; x_wconf 83' lang='lat' dir='ltr'><strong>confusam,</strong></span> 
     </span>
     <span class='ocr_line' id='line_1_6' title="bbox 522 919 2831 1022; baseline 0 -24"><span class='ocrx_word' id='word_1_30' title='bbox 522 930 615 998; x_wconf 91' lang='lat' dir='ltr'><strong>ut</strong></span> <span class='ocrx_word' id='word_1_31' title='bbox 662 930 1028 1022; x_wconf 89' lang='lat' dir='ltr'><strong>quantum</strong></span> <span class='ocrx_word' id='word_1_32' title='bbox 1080 920 1196 996; x_wconf 91' lang='lat' dir='ltr'><strong>illi</strong></span> <span class='ocrx_word' id='word_1_33' title='bbox 1245 919 1625 1011; x_wconf 76' lang='lat' dir='ltr'><strong>debeatur,</strong></span> <span class='ocrx_word' id='word_1_34' title='bbox 1680 931 1817 996; x_wconf 86' lang='lat' dir='ltr'><strong>aut</strong></span> <span class='ocrx_word' id='word_1_35' title='bbox 1866 947 2128 1021; x_wconf 78' lang='lat' dir='ltr'><strong>reapse</strong></span> <span class='ocrx_word' id='word_1_36' title='bbox 2178 922 2651 998; x_wconf 86' lang='lat' dir='ltr'><strong>obscuratum</strong></span> <span class='ocrx_word' id='word_1_37' title='bbox 2704 924 2831 1014; x_wconf 86' lang='lat' dir='ltr'><strong>sit,</strong></span> 
     </span>
     <span class='ocr_line' id='line_1_7' title="bbox 523 1036 2831 1139; baseline 0.001 -25"><span class='ocrx_word' id='word_1_38' title='bbox 523 1048 659 1114; x_wconf 86' lang='lat' dir='ltr'><strong>aut</strong></span> <span class='ocrx_word' id='word_1_39' title='bbox 692 1039 1044 1115; x_wconf 87' lang='lat' dir='ltr'><strong>videatur</strong></span> <span class='ocrx_word' id='word_1_40' title='bbox 1088 1037 1352 1114; x_wconf 86' lang='lat' dir='ltr'><strong>saltem</strong></span> <span class='ocrx_word' id='word_1_41' title='bbox 1403 1036 1798 1116; x_wconf 85' lang='lat' dir='ltr'><strong>obscurari.</strong></span> <span class='ocrx_word' id='word_1_42' title='bbox 1872 1038 2186 1114; x_wconf 75' lang='lat' dir='ltr'><strong>Accedit</strong></span> <span class='ocrx_word' id='word_1_43' title='bbox 2223 1039 2423 1139; x_wconf 91' lang='lat' dir='ltr'><strong>quod</strong></span> <span class='ocrx_word' id='word_1_44' title='bbox 2456 1048 2539 1116; x_wconf 90' lang='lat' dir='ltr'><strong>et</strong></span> <span class='ocrx_word' id='word_1_45' title='bbox 2579 1041 2831 1118; x_wconf 88' lang='lat' dir='ltr'><strong>omisit</strong></span> 
     </span>
     <span class='ocr_line' id='line_1_8' title="bbox 520 1153 2830 1257; baseline 0.002 -27"><span class='ocrx_word' id='word_1_46' title='bbox 520 1182 658 1232; x_wconf 90' lang='lat' dir='ltr'><strong>nec</strong></span> <span class='ocrx_word' id='word_1_47' title='bbox 714 1182 952 1257; x_wconf 90' lang='lat' dir='ltr'><strong>pauca</strong></span> <span class='ocrx_word' id='word_1_48' title='bbox 1001 1182 1139 1232; x_wconf 89' lang='lat' dir='ltr'><strong>nec</strong></span> <span class='ocrx_word' id='word_1_49' title='bbox 1195 1153 1468 1256; x_wconf 86' lang='lat' dir='ltr'><strong>pusilla</strong></span> <span class='ocrx_word' id='word_1_50' title='bbox 1521 1154 1904 1232; x_wconf 86' lang='lat' dir='ltr'><strong>Bekkerus</strong></span> <span class='ocrx_word' id='word_1_51' title='bbox 1962 1164 2043 1231; x_wconf 87' lang='lat' dir='ltr'><strong>et</strong></span> <span class='ocrx_word' id='word_1_52' title='bbox 2098 1156 2438 1232; x_wconf 87' lang='lat' dir='ltr'><strong>notulam</strong></span> <span class='ocrx_word' id='word_1_53' title='bbox 2496 1183 2707 1232; x_wconf 86' lang='lat' dir='ltr'><strong>suam</strong></span> <span class='ocrx_word' id='word_1_54' title='bbox 2760 1158 2830 1235; x_wconf 93' lang='lat' dir='ltr'><strong>V</strong></span> 
     </span>
     <span class='ocr_line' id='line_1_9' title="bbox 522 1271 2828 1374; baseline 0 -25"><span class='ocrx_word' id='word_1_55' title='bbox 522 1273 892 1349; x_wconf 90' lang='lat' dir='ltr'><strong>immerito</strong></span> <span class='ocrx_word' id='word_1_56' title='bbox 928 1273 1367 1350; x_wconf 82' lang='lat' dir='ltr'><strong>scholiorum</strong></span> <span class='ocrx_word' id='word_1_57' title='bbox 1402 1272 1601 1372; x_wconf 88' lang='lat' dir='ltr'><strong>parti</strong></span> <span class='ocrx_word' id='word_1_58' title='bbox 1651 1271 2104 1374; x_wconf 87' lang='lat' dir='ltr'><strong>subscripsit.</strong></span> <span class='ocrx_word' id='word_1_59' title='bbox 2213 1273 2336 1348; x_wconf 87' lang='lat' dir='ltr'><strong>Ita</strong></span> <span class='ocrx_word' id='word_1_60' title='bbox 2368 1273 2646 1350; x_wconf 84' lang='lat' dir='ltr'><strong>factum</strong></span> <span class='ocrx_word' id='word_1_61' title='bbox 2694 1281 2828 1365; x_wconf 89' lang='lat' dir='ltr'><strong>est,</strong></span> 
     </span>
     <span class='ocr_line' id='line_1_10' title="bbox 523 1389 2829 1492; baseline 0 -24"><span class='ocrx_word' id='word_1_62' title='bbox 523 1401 615 1468; x_wconf 90' lang='lat' dir='ltr'><strong>ut</strong></span> <span class='ocrx_word' id='word_1_63' title='bbox 671 1391 1011 1468; x_wconf 88' lang='lat' dir='ltr'><strong>addenda</strong></span> <span class='ocrx_word' id='word_1_64' title='bbox 1075 1389 1412 1466; x_wconf 88' lang='lat' dir='ltr'><strong>tollenda</strong></span> <span class='ocrx_word' id='word_1_65' title='bbox 1478 1389 1961 1490; x_wconf 85' lang='lat' dir='ltr'><strong>significanda</strong></span> <span class='ocrx_word' id='word_1_66' title='bbox 2028 1391 2442 1467; x_wconf 79' lang='lat' dir='ltr'><strong>accuratius</strong></span> <span class='ocrx_word' id='word_1_67' title='bbox 2506 1391 2829 1492; x_wconf 89' lang='lat' dir='ltr'><strong>denique</strong></span> 
     </span>
     <span class='ocr_line' id='line_1_11' title="bbox 521 1506 2833 1609; baseline 0.001 -25"><span class='ocrx_word' id='word_1_68' title='bbox 521 1508 953 1609; x_wconf 88' lang='lat' dir='ltr'><strong>corrigenda</strong></span> <span class='ocrx_word' id='word_1_69' title='bbox 985 1535 1080 1583; x_wconf 88' lang='lat' dir='ltr'><strong>ex</strong></span> <span class='ocrx_word' id='word_1_70' title='bbox 1116 1507 1280 1608; x_wconf 93' lang='lat' dir='ltr'><strong>ipso</strong></span> <span class='ocrx_word' id='word_1_71' title='bbox 1313 1506 1740 1584; x_wconf 88' lang='lat' dir='ltr'><strong>Victoriano</strong></span> <span class='ocrx_word' id='word_1_72' title='bbox 1773 1533 2155 1607; x_wconf 82' lang='lat' dir='ltr'><strong>superesse</strong></span> <span class='ocrx_word' id='word_1_73' title='bbox 2196 1534 2554 1608; x_wconf 88' lang='lat' dir='ltr'><strong>perquam</strong></span> <span class='ocrx_word' id='word_1_74' title='bbox 2587 1509 2833 1586; x_wconf 85' lang='lat' dir='ltr'><strong>multa</strong></span> 
     </span>
     <span class='ocr_line' id='line_1_12' title="bbox 520 1623 2556 1726; baseline -0.001 -24"><span class='ocrx_word' id='word_1_75' title='bbox 520 1651 689 1702; x_wconf 90' lang='lat' dir='ltr'><strong>cum</strong></span> <span class='ocrx_word' id='word_1_76' title='bbox 723 1624 853 1699; x_wconf 87' lang='lat' dir='ltr'><strong>alii</strong></span> <span class='ocrx_word' id='word_1_77' title='bbox 874 1634 902 1674; x_wconf 80' lang='lat'>⁸</span> <span class='ocrx_word' id='word_1_78' title='bbox 935 1633 1102 1700; x_wconf 90' lang='lat' dir='ltr'><strong>tum</strong></span> <span class='ocrx_word' id='word_1_79' title='bbox 1127 1649 1265 1725; x_wconf 85' lang='lat' dir='ltr'><strong>ego</strong></span> <span class='ocrx_word' id='word_1_80' title='bbox 1299 1623 1739 1700; x_wconf 85' lang='lat' dir='ltr'><strong>conferendo</strong></span> <span class='ocrx_word' id='word_1_81' title='bbox 1774 1623 1991 1699; x_wconf 86' lang='lat' dir='ltr'><strong>facile</strong></span> <span class='ocrx_word' id='word_1_82' title='bbox 2024 1650 2556 1726; x_wconf 86' lang='lat' dir='ltr'><strong>cognoscerem.</strong></span> 
     </span>
    </p>

    <p class='ocr_par' dir='ltr' id='par_1_3' title="bbox 517 1741 2831 2430">
     <span class='ocr_line' id='line_1_13' title="bbox 625 1741 2831 1845; baseline 0 -26"><span class='ocrx_word' id='word_1_83' title='bbox 625 1741 789 1819; x_wconf 87' lang='lat' dir='ltr'><strong>Scio</strong></span> <span class='ocrx_word' id='word_1_84' title='bbox 839 1742 1155 1818; x_wconf 84' lang='lat' dir='ltr'><strong>alterum</strong></span> <span class='ocrx_word' id='word_1_85' title='bbox 1209 1743 1340 1842; x_wconf 89' lang='lat' dir='ltr'><strong>qui</strong></span> <span class='ocrx_word' id='word_1_86' title='bbox 1391 1751 1564 1842; x_wconf 87' lang='lat' dir='ltr'><strong>post</strong></span> <span class='ocrx_word' id='word_1_87' title='bbox 1617 1741 2027 1818; x_wconf 88' lang='lat' dir='ltr'><strong>Victorium</strong></span> <span class='ocrx_word' id='word_1_88' title='bbox 2080 1741 2578 1845; x_wconf 82' lang='lat' dir='ltr'><strong>Townleyano</strong></span> <span class='ocrx_word' id='word_1_89' title='bbox 2628 1745 2831 1845; x_wconf 89' lang='lat' dir='ltr'><strong>apud</strong></span> 
     </span>
     <span class='ocr_line' id='line_1_14' title="bbox 523 1858 2828 1962; baseline 0 -26"><span class='ocrx_word' id='word_1_90' title='bbox 523 1859 892 1936; x_wconf 85' lang='lat' dir='ltr'><strong>Salviatos</strong></span> <span class='ocrx_word' id='word_1_91' title='bbox 935 1886 1115 1936; x_wconf 88' lang='lat' dir='ltr'><strong>usus</strong></span> <span class='ocrx_word' id='word_1_92' title='bbox 1147 1870 1267 1937; x_wconf 87' lang='lat' dir='ltr'><strong>est</strong></span> <span class='ocrx_word' id='word_1_93' title='bbox 1311 1859 1642 1934; x_wconf 88' lang='lat' dir='ltr'><strong>Donium</strong></span> <span class='ocrx_word' id='word_1_94' title='bbox 1681 1858 2203 1935; x_wconf 75' lang='lat' dir='ltr'><strong>Florentinum</strong></span> <span class='ocrx_word' id='word_1_95' title='bbox 2240 1861 2828 1962; x_wconf 78' lang='lat'>(1594—1647)‚</span> 
     </span>
     <span class='ocr_line' id='line_1_15' title="bbox 517 1976 2831 2079; baseline 0.001 -24"><span class='ocrx_word' id='word_1_96' title='bbox 517 1977 911 2055; x_wconf 84' lang='lat' dir='ltr'><strong>cardinalis</strong></span> <span class='ocrx_word' id='word_1_97' title='bbox 961 1977 1378 2054; x_wconf 85' lang='lat' dir='ltr'><strong>Barberinii</strong></span> <span class='ocrx_word' id='word_1_98' title='bbox 1427 1977 1825 2054; x_wconf 87' lang='lat' dir='ltr'><strong>notarium.</strong></span> <span class='ocrx_word' id='word_1_99' title='bbox 1933 1976 2087 2070; x_wconf 80' lang='lat' dir='ltr'><strong>Qui</strong></span> <span class='ocrx_word' id='word_1_100' title='bbox 2138 2003 2331 2076; x_wconf 84' lang='lat' dir='ltr'><strong>quae</strong></span> <span class='ocrx_word' id='word_1_101' title='bbox 2364 1989 2831 2079; x_wconf 85' lang='lat' dir='ltr'><strong>excerpserat</strong></span> 
     </span>
     <span class='ocr_line' id='line_1_16' title="bbox 520 2093 2831 2196; baseline 0.001 -26"><span class='ocrx_word' id='word_1_102' title='bbox 520 2121 757 2196; x_wconf 85' lang='lat' dir='ltr'><strong>pauca</strong></span> <span class='ocrx_word' id='word_1_103' title='bbox 810 2095 943 2171; x_wconf 89' lang='lat' dir='ltr'><strong>illa</strong></span> <span class='ocrx_word' id='word_1_104' title='bbox 991 2095 1290 2195; x_wconf 90' lang='lat' dir='ltr'><strong>quidem</strong></span> <span class='ocrx_word' id='word_1_105' title='bbox 1350 2104 1430 2171; x_wconf 92' lang='lat' dir='ltr'><strong>et</strong></span> <span class='ocrx_word' id='word_1_106' title='bbox 1483 2093 2004 2194; x_wconf 82' lang='lat' dir='ltr'><strong>Porphyriana</strong></span> <span class='ocrx_word' id='word_1_107' title='bbox 2057 2093 2529 2194; x_wconf 88' lang='lat' dir='ltr'><strong>potissimum</strong></span> <span class='ocrx_word' id='word_1_108' title='bbox 2582 2095 2831 2172; x_wconf 87' lang='lat' dir='ltr'><strong>Lucae</strong></span> 
     </span>
     <span class='ocr_line' id='line_1_17' title="bbox 521 2205 2829 2312; baseline 0 -26"><span class='ocrx_word' id='word_1_109' title='bbox 521 2212 917 2288; x_wconf 87' lang='lat' dir='ltr'><strong>Holstenio</strong></span> <span class='ocrx_word' id='word_1_110' title='bbox 974 2212 1524 2312; x_wconf 88' lang='lat' dir='ltr'><strong>Hamburgensi</strong></span> <span class='ocrx_word' id='word_1_111' title='bbox 1573 2213 1644 2312; x_wconf 91' lang='lat'><strong>(1</strong></span> <span class='ocrx_word' id='word_1_112' title='bbox 1660 2205 2135 2311; x_wconf 88' lang='lat'>596—1661)</span> <span class='ocrx_word' id='word_1_113' title='bbox 2194 2237 2331 2286; x_wconf 89' lang='lat' dir='ltr'><strong>suo</strong></span> <span class='ocrx_word' id='word_1_114' title='bbox 2382 2212 2585 2311; x_wconf 87' lang='lat' dir='ltr'><strong>apud</strong></span> <span class='ocrx_word' id='word_1_115' title='bbox 2652 2213 2829 2287; x_wconf 87' lang='lat' dir='ltr'><strong>Bar-</strong></span> 
     </span>
     <span class='ocr_line' id='line_1_18' title="bbox 518 2328 2824 2430; baseline -0.001 -24"><span class='ocrx_word' id='word_1_116' title='bbox 518 2329 885 2406; x_wconf 86' lang='lat' dir='ltr'><strong>berinium</strong></span> <span class='ocrx_word' id='word_1_117' title='bbox 908 2329 1120 2420; x_wconf 90' lang='lat' dir='ltr'><strong>socio,</strong></span> <span class='ocrx_word' id='word_1_118' title='bbox 1140 2355 1311 2405; x_wconf 92' lang='lat' dir='ltr'><strong>cum</strong></span> <span class='ocrx_word' id='word_1_119' title='bbox 1331 2328 1743 2430; x_wconf 80' lang='lat' dir='ltr'><strong>Porphyrio</strong></span> <span class='ocrx_word' id='word_1_120' title='bbox 1770 2353 2066 2429; x_wconf 86' lang='lat' dir='ltr'><strong>operam</strong></span> <span class='ocrx_word' id='word_1_121' title='bbox 2091 2337 2423 2416; x_wconf 84' lang='lat' dir='ltr'><strong>navaret,</strong></span> <span class='ocrx_word' id='word_1_122' title='bbox 2450 2329 2765 2406; x_wconf 85' lang='lat' dir='ltr'><strong>tradidit</strong></span> <span class='ocrx_word' id='word_1_123' title='bbox 2776 2337 2824 2404; x_wconf 83' lang='lat'><strong>⁴.</strong></span> 
     </span>
    </p>
   </div>
   <div class='ocr_carea' id='block_1_3' title="bbox 504 2477 2829 4685">
    <p class='ocr_par' dir='ltr' id='par_1_4' title="bbox 510 2477 2829 3375">
     <span class='ocr_line' id='line_1_19' title="bbox 517 2477 2829 2560; baseline -0.001 -15"><span class='ocrx_word' id='word_1_124' title='bbox 517 2503 766 2560; x_wconf 79' lang='lat' dir='ltr'><strong>magnus</strong></span> <span class='ocrx_word' id='word_1_125' title='bbox 820 2487 882 2543; x_wconf 88' lang='lat' dir='ltr'><strong>et</strong></span> <span class='ocrx_word' id='word_1_126' title='bbox 929 2503 1047 2542; x_wconf 88' lang='lat' dir='ltr'><strong>non</strong></span> <span class='ocrx_word' id='word_1_127' title='bbox 1103 2485 1340 2544; x_wconf 87' lang='lat' dir='ltr'><strong>tantum</strong></span> <span class='ocrx_word' id='word_1_128' title='bbox 1393 2480 1572 2541; x_wconf 89' lang='lat' dir='ltr'><strong>huius</strong></span> <span class='ocrx_word' id='word_1_129' title='bbox 1625 2480 1959 2542; x_wconf 80' lang='lat' dir='ltr'><strong>academiae</strong></span> <span class='ocrx_word' id='word_1_130' title='bbox 2013 2485 2077 2541; x_wconf 89' lang='lat' dir='ltr'><strong>et</strong></span> <span class='ocrx_word' id='word_1_131' title='bbox 2131 2477 2367 2559; x_wconf 78' lang='lat' dir='ltr'><strong>patriae</strong></span> <span class='ocrx_word' id='word_1_132' title='bbox 2428 2486 2663 2541; x_wconf 88' lang='lat' dir='ltr'><strong>nostrae</strong></span> <span class='ocrx_word' id='word_1_133' title='bbox 2724 2481 2829 2542; x_wconf 86' lang='lat' dir='ltr'><strong>sed</strong></span> 
     </span>
     <span class='ocr_line' id='line_1_20' title="bbox 513 2561 2827 2641; baseline -0 -16"><span class='ocrx_word' id='word_1_134' title='bbox 513 2565 822 2626; x_wconf 83' lang='lat' dir='ltr'><strong>universae</strong></span> <span class='ocrx_word' id='word_1_135' title='bbox 877 2565 1166 2626; x_wconf 84' lang='lat' dir='ltr'><strong>Saxoniae</strong></span> <span class='ocrx_word' id='word_1_136' title='bbox 1221 2569 1532 2625; x_wconf 79' lang='lat' dir='ltr'><strong>aeternum</strong></span> <span class='ocrx_word' id='word_1_137' title='bbox 1586 2562 1783 2636; x_wconf 86' lang='lat' dir='ltr'><strong>decus,</strong></span> <span class='ocrx_word' id='word_1_138' title='bbox 1823 2562 1929 2641; x_wconf 91' lang='lat' dir='ltr'><strong>qui</strong></span> <span class='ocrx_word' id='word_1_139' title='bbox 1976 2561 2137 2639; x_wconf 90' lang='lat' dir='ltr'><strong>apud</strong></span> <span class='ocrx_word' id='word_1_140' title='bbox 2178 2562 2249 2622; x_wconf 86' lang='lat' dir='ltr'><strong>cl.</strong></span> <span class='ocrx_word' id='word_1_141' title='bbox 2291 2582 2346 2622; x_wconf 83' lang='lat' dir='ltr'><strong>v.</strong></span> <span class='ocrx_word' id='word_1_142' title='bbox 2406 2563 2651 2622; x_wconf 86' lang='lat' dir='ltr'><strong>Petrum</strong></span> <span class='ocrx_word' id='word_1_143' title='bbox 2690 2563 2827 2625; x_wconf 81' lang='lat' dir='ltr'><strong>Vic-</strong></span> 
     </span>
     <span class='ocr_line' id='line_1_21' title="bbox 513 2642 2827 2722; baseline -0 -16"><span class='ocrx_word' id='word_1_144' title='bbox 513 2647 736 2710; x_wconf 81' lang='lat' dir='ltr'><strong>toriam</strong></span> <span class='ocrx_word' id='word_1_145' title='bbox 791 2668 861 2708; x_wconf 90' lang='lat' dir='ltr'><strong>ea</strong></span> <span class='ocrx_word' id='word_1_146' title='bbox 923 2646 1038 2718; x_wconf 79' lang='lat' dir='ltr'><strong>sibi</strong></span> <span class='ocrx_word' id='word_1_147' title='bbox 1097 2645 1347 2706; x_wconf 79' lang='lat' dir='ltr'><strong>describi</strong></span> <span class='ocrx_word' id='word_1_148' title='bbox 1401 2649 1744 2706; x_wconf 84' lang='lat' dir='ltr'><strong>curaverat:</strong></span> <span class='ocrx_word' id='word_1_149' title='bbox 1814 2664 1993 2722; x_wconf 89' lang='lat' dir='ltr'><strong>penes</strong></span> <span class='ocrx_word' id='word_1_150' title='bbox 2048 2643 2203 2702; x_wconf 89' lang='lat' dir='ltr'><strong>hunc</strong></span> <span class='ocrx_word' id='word_1_151' title='bbox 2264 2642 2423 2703; x_wconf 90' lang='lat' dir='ltr'><strong>enim</strong></span> <span class='ocrx_word' id='word_1_152' title='bbox 2478 2645 2531 2705; x_wconf 89' lang='lat' dir='ltr'><strong>si</strong></span> <span class='ocrx_word' id='word_1_153' title='bbox 2584 2665 2705 2704; x_wconf 92' lang='lat' dir='ltr'><strong>non</strong></span> <span class='ocrx_word' id='word_1_154' title='bbox 2761 2645 2827 2705; x_wconf 90' lang='lat' dir='ltr'><strong>in</strong></span> 
     </span>
     <span class='ocr_line' id='line_1_22' title="bbox 512 2724 2825 2807; baseline -0.001 -18"><span class='ocrx_word' id='word_1_155' title='bbox 512 2734 830 2807; x_wconf 87' lang='lat' dir='ltr'><strong>utramque</strong></span> <span class='ocrx_word' id='word_1_156' title='bbox 868 2731 1094 2800; x_wconf 75' lang='grc' dir='ltr'><strong>ποίησιν,</strong></span> <span class='ocrx_word' id='word_1_157' title='bbox 1131 2733 1198 2788; x_wconf 90' lang='lat' dir='ltr'><strong>at</strong></span> <span class='ocrx_word' id='word_1_158' title='bbox 1233 2727 1298 2787; x_wconf 91' lang='lat' dir='ltr'><strong>in</strong></span> <span class='ocrx_word' id='word_1_159' title='bbox 1342 2728 1592 2788; x_wconf 77' lang='lat' dir='ltr'><strong>alteram</strong></span> <span class='ocrx_word' id='word_1_160' title='bbox 1631 2727 1729 2787; x_wconf 80' lang='lat' dir='ltr'><strong>vel</strong></span> <span class='ocrx_word' id='word_1_161' title='bbox 1770 2724 2066 2804; x_wconf 88' lang='lat' dir='ltr'><strong>plusculos</strong></span> <span class='ocrx_word' id='word_1_162' title='bbox 2108 2725 2238 2786; x_wconf 87' lang='lat' dir='ltr'><strong>eius</strong></span> <span class='ocrx_word' id='word_1_163' title='bbox 2280 2725 2482 2799; x_wconf 87' lang='lat' dir='ltr'><strong>libros,</strong></span> <span class='ocrx_word' id='word_1_164' title='bbox 2523 2725 2591 2786; x_wconf 91' lang='lat' dir='ltr'><strong>ni</strong></span> <span class='ocrx_word' id='word_1_165' title='bbox 2631 2727 2825 2798; x_wconf 86' lang='lat' dir='ltr'><strong>fallor,</strong></span> 
     </span>
     <span class='ocr_line' id='line_1_23' title="bbox 513 2807 2829 2886; baseline -0 -16"><span class='ocrx_word' id='word_1_166' title='bbox 513 2816 686 2870; x_wconf 87' lang='lat' dir='ltr'><strong>erant</strong></span> <span class='ocrx_word' id='word_1_167' title='bbox 711 2830 854 2871; x_wconf 89' lang='lat' dir='ltr'><strong>msc.</strong></span> <span class='ocrx_word' id='word_1_168' title='bbox 881 2809 1058 2869; x_wconf 88' lang='lat' dir='ltr'><strong>huius</strong></span> <span class='ocrx_word' id='word_1_169' title='bbox 1085 2809 1319 2869; x_wconf 83' lang='lat' dir='ltr'><strong>scholia.</strong></span> <span class='ocrx_word' id='word_1_170' title='bbox 1405 2808 1673 2870; x_wconf 83' lang='lat' dir='ltr'><strong>Caselins</strong></span> <span class='ocrx_word' id='word_1_171' title='bbox 1707 2827 1843 2867; x_wconf 88' lang='lat' dir='ltr'><strong>cum</strong></span> <span class='ocrx_word' id='word_1_172' title='bbox 1876 2807 2113 2886; x_wconf 83' lang='lat' dir='ltr'><strong>excerpi</strong></span> <span class='ocrx_word' id='word_1_173' title='bbox 2151 2812 2414 2867; x_wconf 74' lang='lat' dir='ltr'><strong>curasset</strong></span> <span class='ocrx_word' id='word_1_174' title='bbox 2442 2827 2593 2886; x_wconf 83' lang='lat' dir='ltr'><strong>quae</strong></span> <span class='ocrx_word' id='word_1_175' title='bbox 2630 2809 2695 2868; x_wconf 93' lang='lat' dir='ltr'><strong>in</strong></span> <span class='ocrx_word' id='word_1_176' title='bbox 2722 2808 2829 2869; x_wconf 87' lang='lat' dir='ltr'><strong>IX</strong></span> 
     </span>
     <span class='ocr_line' id='line_1_24' title="bbox 510 2888 2827 2969; baseline 0 -18"><span class='ocrx_word' id='word_1_177' title='bbox 510 2891 684 2952; x_wconf 89' lang='lat' dir='ltr'><strong>illum</strong></span> <span class='ocrx_word' id='word_1_178' title='bbox 722 2892 945 2954; x_wconf 83' lang='lat' dir='ltr'><strong>librum</strong></span> <span class='ocrx_word' id='word_1_179' title='bbox 985 2890 1209 2969; x_wconf 88' lang='lat' dir='ltr'><strong>scripta</strong></span> <span class='ocrx_word' id='word_1_180' title='bbox 1256 2896 1428 2950; x_wconf 86' lang='lat' dir='ltr'><strong>erant</strong></span> <span class='ocrx_word' id='word_1_181' title='bbox 1463 2909 1658 2968; x_wconf 18' lang='lat' dir='ltr'><strong>‘eaque</strong></span> <span class='ocrx_word' id='word_1_182' title='bbox 1700 2888 1809 2948; x_wconf 90' lang='lat' dir='ltr'><strong>diu</strong></span> <span class='ocrx_word' id='word_1_183' title='bbox 1851 2889 2238 2959; x_wconf 80' lang='lat' dir='ltr'><strong>adservasset,</strong></span> <span class='ocrx_word' id='word_1_184' title='bbox 2274 2889 2535 2962; x_wconf 87' lang='lat' dir='ltr'><strong>tandem,</strong></span> <span class='ocrx_word' id='word_1_185' title='bbox 2580 2895 2653 2950; x_wconf 91' lang='lat' dir='ltr'><strong>ut</strong></span> <span class='ocrx_word' id='word_1_186' title='bbox 2696 2895 2827 2951; x_wconf 89' lang='lat' dir='ltr'><strong>erat</strong></span> 
     </span>
     <span class='ocr_line' id='line_1_25' title="bbox 511 2968 2829 3051; baseline 0.001 -19"><span class='ocrx_word' id='word_1_187' title='bbox 511 2974 710 3033; x_wconf 87' lang='lat' dir='ltr'><strong>animo</strong></span> <span class='ocrx_word' id='word_1_188' title='bbox 737 2972 802 3032; x_wconf 93' lang='lat' dir='ltr'><strong>in</strong></span> <span class='ocrx_word' id='word_1_189' title='bbox 829 2993 923 3033; x_wconf 88' lang='lat' dir='ltr'><strong>me</strong></span> <span class='ocrx_word' id='word_1_190' title='bbox 951 2972 1402 3051; x_wconf 81' lang='lat' dir='ltr'><strong>propensissime</strong></span> <span class='ocrx_word' id='word_1_191' title='bbox 1431 2978 1494 3032; x_wconf 91' lang='lat' dir='ltr'><strong>et</strong></span> <span class='ocrx_word' id='word_1_192' title='bbox 1522 2970 1739 3032; x_wconf 89' lang='lat' dir='ltr'><strong>studiis</strong></span> <span class='ocrx_word' id='word_1_193' title='bbox 1766 2971 1915 3032; x_wconf 88' lang='lat' dir='ltr'><strong>meis</strong></span> <span class='ocrx_word' id='word_1_194' title='bbox 1941 2968 2285 3049; x_wconf 83' lang='lat' dir='ltr'><strong>praesertim</strong></span> <span class='ocrx_word' id='word_1_195' title='bbox 2314 2971 2543 3049; x_wconf 80' lang='lat' dir='ltr'><strong>graecis</strong></span> <span class='ocrx_word' id='word_1_196' title='bbox 2570 2972 2829 3034; x_wconf 86' lang='lat' dir='ltr'><strong>maxime</strong></span> 
     </span>
     <span class='ocr_line' id='line_1_26' title="bbox 513 3053 2829 3132; baseline 0 -18"><span class='ocrx_word' id='word_1_197' title='bbox 513 3055 808 3132; x_wconf 91' lang='lat' dir='ltr'><strong>cupiebat,</strong></span> <span class='ocrx_word' id='word_1_198' title='bbox 839 3055 986 3113; x_wconf 90' lang='lat' dir='ltr'><strong>mihi</strong></span> <span class='ocrx_word' id='word_1_199' title='bbox 1016 3055 1259 3115; x_wconf 86' lang='lat' dir='ltr'><strong>donavit</strong></span> <span class='ocrx_word' id='word_1_200' title='bbox 1287 3062 1468 3132; x_wconf 84' lang='lat' dir='ltr'><strong>utque</strong></span> <span class='ocrx_word' id='word_1_201' title='bbox 1495 3053 1729 3114; x_wconf 86' lang='lat' dir='ltr'><strong>ederem</strong></span> <span class='ocrx_word' id='word_1_202' title='bbox 1769 3053 1942 3114; x_wconf 82' lang='lat' dir='ltr'><strong>iussit</strong></span> <span class='ocrx_word' id='word_1_203' title='bbox 1959 3054 1973 3078; x_wconf 90' lang='lat'>’</span> <span class='ocrx_word' id='word_1_204' title='bbox 2006 3058 2121 3114; x_wconf 87' lang='lat' dir='ltr'><strong>etc.</strong></span> <span class='ocrx_word' id='word_1_205' title='bbox 2205 3053 2481 3114; x_wconf 86' lang='lat' dir='ltr'><strong>Ioannem</strong></span> <span class='ocrx_word' id='word_1_206' title='bbox 2528 3053 2829 3114; x_wconf 87' lang='lat' dir='ltr'><strong>Caselium</strong></span> 
     </span>
     <span class='ocr_line' id='line_1_27' title="bbox 511 3134 2829 3215; baseline 0 -20"><span class='ocrx_word' id='word_1_207' title='bbox 511 3155 666 3195; x_wconf 90' lang='lat' dir='ltr'><strong>anno</strong></span> <span class='ocrx_word' id='word_1_208' title='bbox 730 3139 883 3212; x_wconf 87' lang='lat'><strong>1565</strong></span> <span class='ocrx_word' id='word_1_209' title='bbox 931 3136 1264 3196; x_wconf 81' lang='lat' dir='ltr'><strong>Florentiae</strong></span> <span class='ocrx_word' id='word_1_210' title='bbox 1311 3135 1537 3214; x_wconf 81' lang='lat' dir='ltr'><strong>degisse</strong></span> <span class='ocrx_word' id='word_1_211' title='bbox 1591 3156 1668 3194; x_wconf 81' lang='lat' dir='ltr'><strong>ex</strong></span> <span class='ocrx_word' id='word_1_212' title='bbox 1711 3136 1966 3215; x_wconf 88' lang='lat' dir='ltr'><strong>quadam</strong></span> <span class='ocrx_word' id='word_1_213' title='bbox 2011 3134 2273 3196; x_wconf 83' lang='lat' dir='ltr'><strong>Victorii</strong></span> <span class='ocrx_word' id='word_1_214' title='bbox 2322 3135 2400 3194; x_wconf 89' lang='lat' dir='ltr'><strong>ad</strong></span> <span class='ocrx_word' id='word_1_215' title='bbox 2448 3137 2488 3196; x_wconf 90' lang='lat' dir='ltr'><strong>J</strong></span> <span class='ocrx_word' id='word_1_216' title='bbox 2492 3135 2829 3196; x_wconf 89' lang='lat' dir='ltr'><strong>oachimum</strong></span> 
     </span>
     <span class='ocr_line' id='line_1_28' title="bbox 511 3215 2826 3295; baseline 0.001 -20"><span class='ocrx_word' id='word_1_217' title='bbox 511 3217 881 3278; x_wconf 88' lang='lat' dir='ltr'><strong>Fridericum</strong></span> <span class='ocrx_word' id='word_1_218' title='bbox 909 3218 1311 3278; x_wconf 87' lang='lat' dir='ltr'><strong>Marchionem</strong></span> <span class='ocrx_word' id='word_1_219' title='bbox 1339 3217 1965 3293; x_wconf 83' lang='lat' dir='ltr'><strong>Brandenburgensem</strong></span> <span class='ocrx_word' id='word_1_220' title='bbox 2008 3215 2263 3294; x_wconf 80' lang='lat' dir='ltr'><strong>epistula</strong></span> <span class='ocrx_word' id='word_1_221' title='bbox 2300 3217 2708 3295; x_wconf 83' lang='lat' dir='ltr'><strong>consequitur:</strong></span> <span class='ocrx_word' id='word_1_222' title='bbox 2750 3219 2826 3278; x_wconf 83' lang='lat' dir='ltr'><strong>cf.</strong></span> 
     </span>
     <span class='ocr_line' id='line_1_29' title="bbox 511 3297 2283 3375; baseline -0.001 -17"><span class='ocrx_word' id='word_1_223' title='bbox 511 3304 528 3331; x_wconf 89' lang='lat'>‘</span> <span class='ocrx_word' id='word_1_224' title='bbox 547 3298 796 3359; x_wconf 88' lang='lat' dir='ltr'><strong>Victorii</strong></span> <span class='ocrx_word' id='word_1_225' title='bbox 825 3305 886 3360; x_wconf 86' lang='lat' dir='ltr'><strong>et</strong></span> <span class='ocrx_word' id='word_1_226' title='bbox 913 3299 1131 3360; x_wconf 77' lang='lat' dir='ltr'><strong>caselii</strong></span> <span class='ocrx_word' id='word_1_227' title='bbox 1158 3299 1443 3375; x_wconf 85' lang='lat' dir='ltr'><strong>epistulae</strong></span> <span class='ocrx_word' id='word_1_228' title='bbox 1465 3301 1480 3324; x_wconf 87' lang='lat'>’</span> <span class='ocrx_word' id='word_1_229' title='bbox 1503 3297 1872 3356; x_wconf 84' lang='lat' dir='ltr'><strong>Francoforti</strong></span> <span class='ocrx_word' id='word_1_230' title='bbox 1910 3311 2061 3371; x_wconf 83' lang='lat'><strong>1597</strong></span> <span class='ocrx_word' id='word_1_231' title='bbox 2093 3317 2152 3374; x_wconf 91' lang='lat' dir='ltr'><strong>p.</strong></span> <span class='ocrx_word' id='word_1_232' title='bbox 2184 3315 2283 3368; x_wconf 82' lang='lat'><strong>42.</strong></span> 
     </span>
    </p>

    <p class='ocr_par' dir='ltr' id='par_1_5' title="bbox 592 3373 2782 3456">
     <span class='ocr_line' id='line_1_30' title="bbox 592 3373 2782 3456; baseline -0.001 -15"><span class='ocrx_word' id='word_1_233' title='bbox 592 3380 614 3416; x_wconf 84' lang='lat'>¹</span> <span class='ocrx_word' id='word_1_234' title='bbox 659 3381 751 3441; x_wconf 81' lang='lat' dir='ltr'><strong>Of.</strong></span> <span class='ocrx_word' id='word_1_235' title='bbox 781 3381 1030 3441; x_wconf 86' lang='lat' dir='ltr'><strong>Hardtii</strong></span> <span class='ocrx_word' id='word_1_236' title='bbox 1057 3380 1390 3455; x_wconf 83' lang='lat' dir='ltr'><strong>catalogum</strong></span> <span class='ocrx_word' id='word_1_237' title='bbox 1419 3378 1452 3435; x_wconf 95' lang='lat' dir='ltr'>I</span> <span class='ocrx_word' id='word_1_238' title='bbox 1480 3398 1538 3456; x_wconf 92' lang='lat' dir='ltr'><strong>p.</strong></span> <span class='ocrx_word' id='word_1_239' title='bbox 1578 3398 1649 3453; x_wconf 92' lang='lat'><strong>91</strong></span> <span class='ocrx_word' id='word_1_240' title='bbox 1676 3397 1692 3440; x_wconf 71' lang='grc' dir='ltr'><strong>ι</strong></span> <span class='ocrx_word' id='word_1_241' title='bbox 1733 3379 1871 3437; x_wconf 85' lang='lat' dir='ltr'><strong>hinc</strong></span> <span class='ocrx_word' id='word_1_242' title='bbox 1908 3377 2249 3435; x_wconf 77' lang='lat' dir='ltr'><strong>Dindoffius</strong></span> <span class='ocrx_word' id='word_1_243' title='bbox 2277 3375 2392 3436; x_wconf 82' lang='lat' dir='ltr'><strong>vol.</strong></span> <span class='ocrx_word' id='word_1_244' title='bbox 2424 3373 2525 3435; x_wconf 91' lang='lat'><strong>111</strong></span> <span class='ocrx_word' id='word_1_245' title='bbox 2550 3396 2607 3454; x_wconf 92' lang='lat' dir='ltr'><strong>p.</strong></span> <span class='ocrx_word' id='word_1_246' title='bbox 2638 3376 2782 3440; x_wconf 80' lang='lat' dir='ltr'><strong>1X*.</strong></span> 
     </span>
    </p>

    <p class='ocr_par' dir='ltr' id='par_1_6' title="bbox 509 3456 2825 3846">
     <span class='ocr_line' id='line_1_31' title="bbox 590 3456 2825 3535; baseline -0.002 -13"><span class='ocrx_word' id='word_1_247' title='bbox 590 3464 616 3500; x_wconf 74' lang='lat'>²</span> <span class='ocrx_word' id='word_1_248' title='bbox 646 3462 778 3522; x_wconf 89' lang='lat' dir='ltr'><strong>Iam</strong></span> <span class='ocrx_word' id='word_1_249' title='bbox 806 3460 1054 3521; x_wconf 86' lang='lat' dir='ltr'><strong>Villoiso</strong></span> <span class='ocrx_word' id='word_1_250' title='bbox 1087 3482 1138 3520; x_wconf 88' lang='lat' dir='ltr'><strong>a.</strong></span> <span class='ocrx_word' id='word_1_251' title='bbox 1175 3463 1330 3534; x_wconf 84' lang='lat'>1788</span> <span class='ocrx_word' id='word_1_252' title='bbox 1360 3479 1436 3519; x_wconf 82' lang='lat' dir='ltr'><strong>ex</strong></span> <span class='ocrx_word' id='word_1_253' title='bbox 1473 3457 1768 3535; x_wconf 86' lang='lat' dir='ltr'><strong>Lipsiensi</strong></span> <span class='ocrx_word' id='word_1_254' title='bbox 1812 3459 2017 3517; x_wconf 89' lang='lat' dir='ltr'><strong>horum</strong></span> <span class='ocrx_word' id='word_1_255' title='bbox 2052 3456 2406 3515; x_wconf 86' lang='lat' dir='ltr'><strong>scholiorum</strong></span> <span class='ocrx_word' id='word_1_256' title='bbox 2446 3464 2677 3535; x_wconf 88' lang='lat' dir='ltr'><strong>partem</strong></span> <span class='ocrx_word' id='word_1_257' title='bbox 2707 3458 2825 3518; x_wconf 89' lang='lat' dir='ltr'><strong>Ve-</strong></span> 
     </span>
     <span class='ocr_line' id='line_1_32' title="bbox 509 3535 2825 3615; baseline -0 -13"><span class='ocrx_word' id='word_1_258' title='bbox 509 3543 668 3602; x_wconf 88' lang='lat' dir='ltr'><strong>netis</strong></span> <span class='ocrx_word' id='word_1_259' title='bbox 707 3544 765 3602; x_wconf 91' lang='lat' dir='ltr'>A</span> <span class='ocrx_word' id='word_1_260' title='bbox 802 3547 865 3600; x_wconf 89' lang='lat' dir='ltr'><strong>et</strong></span> <span class='ocrx_word' id='word_1_261' title='bbox 909 3541 965 3599; x_wconf 93' lang='lat' dir='ltr'>B</span> <span class='ocrx_word' id='word_1_262' title='bbox 1010 3540 1378 3601; x_wconf 82' lang='lat' dir='ltr'><strong>adiunxerat.</strong></span> <span class='ocrx_word' id='word_1_263' title='bbox 1481 3539 1849 3615; x_wconf 85' lang='lat' dir='ltr'><strong>Lipsiensem</strong></span> <span class='ocrx_word' id='word_1_264' title='bbox 1896 3544 2090 3598; x_wconf 89' lang='lat' dir='ltr'><strong>totum</strong></span> <span class='ocrx_word' id='word_1_265' title='bbox 2138 3535 2328 3596; x_wconf 90' lang='lat' dir='ltr'><strong>edidit</strong></span> <span class='ocrx_word' id='word_1_266' title='bbox 2376 3538 2445 3598; x_wconf 92' lang='lat' dir='ltr'><strong>L.</strong></span> <span class='ocrx_word' id='word_1_267' title='bbox 2484 3538 2825 3602; x_wconf 85' lang='lat' dir='ltr'><strong>Bachmann</strong></span> 
     </span>
     <span class='ocr_line' id='line_1_33' title="bbox 509 3619 2824 3846; baseline 0.001 -83"><span class='ocrx_word' id='word_1_268' title='bbox 509 3619 2205 3846; x_wconf 46' lang='lat' dir='ltr'><strong>gipssssz1¹³{2n⁵,gff?21}⁶oe‘{,¹2ffl·v¹{‚fflgaffi{{133222312</strong></span> <span class='ocrx_word' id='word_1_269' title='bbox 2226 3695 2241 3720; x_wconf 84' lang='grc'><strong><em>’</em></strong></span> <span class='ocrx_word' id='word_1_270' title='bbox 2270 3701 2824 3766; x_wconf 83' lang='lat' dir='ltr'><strong>commentationem</strong></span> 
     </span>
    </p>

    <p class='ocr_par' dir='ltr' id='par_1_7' title="bbox 577 3801 992 3855">
     <span class='ocr_line' id='line_1_34' title="bbox 577 3801 992 3855; baseline -0.01 -10"><span class='ocrx_word' id='word_1_271' title='bbox 577 3805 718 3845; x_wconf 91' lang='lat' dir='ltr'><strong>onac</strong></span> <span class='ocrx_word' id='word_1_272' title='bbox 815 3802 840 3841; x_wconf 95' lang='lat'>1</span> <span class='ocrx_word' id='word_1_273' title='bbox 933 3801 992 3855; x_wconf 87' lang='grc'><strong>4.</strong></span> 
     </span>
    </p>

    <p class='ocr_par' dir='ltr' id='par_1_8' title="bbox 504 3798 2825 4090">
     <span class='ocr_line' id='line_1_35' title="bbox 590 3798 2822 3943; baseline -0.004 -20"><span class='ocrx_word' id='word_1_274' title='bbox 590 3868 613 3900; x_wconf 85' lang='lat'><strong>⁴</strong></span> <span class='ocrx_word' id='word_1_275' title='bbox 657 3873 672 3901; x_wconf 89' lang='lat'>‘</span> <span class='ocrx_word' id='word_1_276' title='bbox 694 3866 784 3923; x_wconf 87' lang='lat' dir='ltr'><strong>De</strong></span> <span class='ocrx_word' id='word_1_277' title='bbox 812 3798 939 3923; x_wconf 52' lang='lat' dir='ltr'><strong>vit}</strong></span> <span class='ocrx_word' id='word_1_278' title='bbox 971 3867 1035 3923; x_wconf 88' lang='lat' dir='ltr'><strong>et</strong></span> <span class='ocrx_word' id='word_1_279' title='bbox 1071 3861 1310 3940; x_wconf 87' lang='lat' dir='ltr'><strong>scriptis</strong></span> <span class='ocrx_word' id='word_1_280' title='bbox 1348 3858 1659 3938; x_wconf 80' lang='lat' dir='ltr'><strong>Porphyrii</strong></span> <span class='ocrx_word' id='word_1_281' title='bbox 1701 3858 2037 3938; x_wconf 87' lang='lat' dir='ltr'><strong>philosophi</strong></span> <span class='ocrx_word' id='word_1_282' title='bbox 2054 3860 2069 3884; x_wconf 85' lang='lat'>&#39;</span> <span class='ocrx_word' id='word_1_283' title='bbox 2098 3879 2155 3938; x_wconf 92' lang='lat' dir='ltr'><strong>p.</strong></span> <span class='ocrx_word' id='word_1_284' title='bbox 2189 3873 2263 3935; x_wconf 84' lang='lat'><strong>47</strong></span> <span class='ocrx_word' id='word_1_285' title='bbox 2294 3865 2609 3940; x_wconf 85' lang='lat' dir='ltr'><strong>postquam</strong></span> <span class='ocrx_word' id='word_1_286' title='bbox 2642 3884 2822 3943; x_wconf 66' lang='lat' dir='ltr'><strong>quae..</strong></span> 
     </span>
     <span class='ocr_line' id='line_1_36' title="bbox 509 3941 2825 4020; baseline 0.001 -13"><span class='ocrx_word' id='word_1_287' title='bbox 509 3947 770 4008; x_wconf 79' lang='lat' dir='ltr'><strong>stionnm</strong></span> <span class='ocrx_word' id='word_1_288' title='bbox 818 3941 1358 4020; x_wconf 75' lang='lat' dir='ltr'><strong>Porphyrianarum</strong></span> <span class='ocrx_word' id='word_1_289' title='bbox 1405 3941 1665 4003; x_wconf 89' lang='lat' dir='ltr'><strong>codicem</strong></span> <span class='ocrx_word' id='word_1_290' title='bbox 1705 3942 2069 4004; x_wconf 86' lang='lat' dir='ltr'><strong>Vaticanum</strong></span> <span class='ocrx_word' id='word_1_291' title='bbox 2122 3947 2629 4020; x_wconf 75' lang='lat' dir='ltr'><strong>commemoravit,</strong></span> <span class='ocrx_word' id='word_1_292' title='bbox 2678 3947 2825 4010; x_wconf 80' lang='lat' dir='ltr'><strong>haee</strong></span> 
     </span>
     <span class='ocr_line' id='line_1_37' title="bbox 504 4027 772 4090; baseline -0.015 0"><span class='ocrx_word' id='word_1_293' title='bbox 504 4027 772 4090; x_wconf 82' lang='lat' dir='ltr'><strong>addidit:</strong></span> 
     </span>
    </p>

    <p class='ocr_par' dir='ltr' id='par_1_9' title="bbox 504 4102 2825 4685">
     <span class='ocr_line' id='line_1_38' title="bbox 590 4102 2823 4187; baseline 0.003 -22"><span class='ocrx_word' id='word_1_294' title='bbox 590 4115 606 4143; x_wconf 89' lang='lat'>‘</span> <span class='ocrx_word' id='word_1_295' title='bbox 625 4107 775 4166; x_wconf 84' lang='lat' dir='ltr'><strong>Tum</strong></span> <span class='ocrx_word' id='word_1_296' title='bbox 807 4108 871 4164; x_wconf 86' lang='lat' dir='ltr'><strong>et</strong></span> <span class='ocrx_word' id='word_1_297' title='bbox 897 4102 1054 4163; x_wconf 79' lang='lat' dir='ltr'><strong>illud</strong></span> <span class='ocrx_word' id='word_1_298' title='bbox 1077 4103 1186 4164; x_wconf 90' lang='lat' dir='ltr'><strong>hoc</strong></span> <span class='ocrx_word' id='word_1_299' title='bbox 1217 4104 1344 4162; x_wconf 89' lang='lat' dir='ltr'><strong>loco</strong></span> <span class='ocrx_word' id='word_1_300' title='bbox 1372 4103 1743 4175; x_wconf 85' lang='lat' dir='ltr'><strong>monendum,</strong></span> <span class='ocrx_word' id='word_1_301' title='bbox 1772 4109 2007 4166; x_wconf 81' lang='lat' dir='ltr'><strong>exstare</strong></span> <span class='ocrx_word' id='word_1_302' title='bbox 2033 4105 2371 4168; x_wconf 87' lang='lat' dir='ltr'><strong>Florentiae</strong></span> <span class='ocrx_word' id='word_1_303' title='bbox 2400 4110 2562 4187; x_wconf 90' lang='lat' dir='ltr'><strong>apud</strong></span> <span class='ocrx_word' id='word_1_304' title='bbox 2589 4110 2823 4171; x_wconf 87' lang='lat' dir='ltr'><strong>Ducem</strong></span> 
     </span>
     <span class='ocr_line' id='line_1_39' title="bbox 507 4183 2823 4263; baseline 0.003 -14"><span class='ocrx_word' id='word_1_305' title='bbox 507 4189 840 4250; x_wconf 83' lang='lat' dir='ltr'><strong>Salviatum</strong></span> <span class='ocrx_word' id='word_1_306' title='bbox 895 4183 1118 4244; x_wconf 85' lang='lat' dir='ltr'><strong>scholia</strong></span> <span class='ocrx_word' id='word_1_307' title='bbox 1171 4185 1420 4263; x_wconf 86' lang='lat' dir='ltr'><strong>antiqua</strong></span> <span class='ocrx_word' id='word_1_308' title='bbox 1473 4185 1539 4243; x_wconf 92' lang='lat' dir='ltr'><strong>in</strong></span> <span class='ocrx_word' id='word_1_309' title='bbox 1595 4185 1837 4246; x_wconf 89' lang='lat' dir='ltr'><strong>Poetam</strong></span> <span class='ocrx_word' id='word_1_310' title='bbox 1890 4189 2156 4247; x_wconf 72' lang='grc' dir='ltr'><strong>ἀδέσποτα</strong></span> <span class='ocrx_word' id='word_1_311' title='bbox 2199 4193 2261 4248; x_wconf 89' lang='lat' dir='ltr'><strong>et</strong></span> <span class='ocrx_word' id='word_1_312' title='bbox 2306 4191 2515 4252; x_wconf 88' lang='lat' dir='ltr'><strong>multis</strong></span> <span class='ocrx_word' id='word_1_313' title='bbox 2560 4193 2628 4250; x_wconf 89' lang='lat' dir='ltr'><strong>in</strong></span> <span class='ocrx_word' id='word_1_314' title='bbox 2675 4192 2823 4256; x_wconf 80' lang='lat' dir='ltr'><strong>locis</strong></span> 
     </span>
     <span class='ocr_line' id='line_1_40' title="bbox 505 4266 2823 4353; baseline 0.002 -23"><span class='ocrx_word' id='word_1_315' title='bbox 505 4274 804 4330; x_wconf 80' lang='lat' dir='ltr'><strong>vetustate</strong></span> <span class='ocrx_word' id='word_1_316' title='bbox 857 4285 1058 4336; x_wconf 78' lang='lat' dir='ltr'><strong>exesa,-</strong></span> <span class='ocrx_word' id='word_1_317' title='bbox 1091 4285 1240 4344; x_wconf 82' lang='lat' dir='ltr'><strong>quae</strong></span> <span class='ocrx_word' id='word_1_318' title='bbox 1279 4266 1551 4326; x_wconf 86' lang='lat' dir='ltr'><strong>nonnulli</strong></span> <span class='ocrx_word' id='word_1_319' title='bbox 1608 4267 1952 4345; x_wconf 78' lang='lat' dir='ltr'><strong>PorphyriO,</strong></span> <span class='ocrx_word' id='word_1_320' title='bbox 1993 4269 2099 4330; x_wconf 92' lang='lat' dir='ltr'><strong>alii</strong></span> <span class='ocrx_word' id='word_1_321' title='bbox 2153 4270 2335 4332; x_wconf 86' lang='lat' dir='ltr'><strong>etiam</strong></span> <span class='ocrx_word' id='word_1_322' title='bbox 2387 4273 2823 4353; x_wconf 84' lang='lat' dir='ltr'><strong>antiquioribus</strong></span> 
     </span>
     <span class='ocr_line' id='line_1_41' title="bbox 505 4346 2821 4428; baseline 0.003 -19"><span class='ocrx_word' id='word_1_323' title='bbox 505 4349 845 4409; x_wconf 85' lang='lat' dir='ltr'><strong>auctoribus</strong></span> <span class='ocrx_word' id='word_1_324' title='bbox 870 4346 1161 4407; x_wconf 85' lang='lat' dir='ltr'><strong>tribuunt.</strong></span> <span class='ocrx_word' id='word_1_325' title='bbox 1245 4347 1374 4424; x_wconf 80' lang='lat' dir='ltr'><strong>Ego</strong></span> <span class='ocrx_word' id='word_1_326' title='bbox 1414 4353 1485 4407; x_wconf 90' lang='lat' dir='ltr'><strong>ut</strong></span> <span class='ocrx_word' id='word_1_327' title='bbox 1514 4348 1830 4428; x_wconf 83' lang='lat' dir='ltr'><strong>Porphyrii</strong></span> <span class='ocrx_word' id='word_1_328' title='bbox 1870 4371 1987 4410; x_wconf 90' lang='lat' dir='ltr'><strong>non</strong></span> <span class='ocrx_word' id='word_1_329' title='bbox 2028 4371 2149 4412; x_wconf 83' lang='lat' dir='ltr'><strong>esse</strong></span> <span class='ocrx_word' id='word_1_330' title='bbox 2191 4359 2354 4413; x_wconf 85' lang='lat' dir='ltr'><strong>certo</strong></span> <span class='ocrx_word' id='word_1_331' title='bbox 2396 4355 2587 4427; x_wconf 79' lang='lat' dir='ltr'><strong>oredo,</strong></span> <span class='ocrx_word' id='word_1_332' title='bbox 2616 4354 2705 4413; x_wconf 89' lang='lat' dir='ltr'><strong>ita</strong></span> <span class='ocrx_word' id='word_1_333' title='bbox 2743 4357 2821 4418; x_wconf 89' lang='lat' dir='ltr'><strong>de</strong></span> 
     </span>
     <span class='ocr_line' id='line_1_42' title="bbox 506 4427 2825 4512; baseline 0.003 -21"><span class='ocrx_word' id='word_1_334' title='bbox 506 4427 766 4492; x_wconf 83' lang='lat' dir='ltr'><strong>auctoris</strong></span> <span class='ocrx_word' id='word_1_335' title='bbox 807 4432 1002 4487; x_wconf 85' lang='lat' dir='ltr'><strong>aetate</strong></span> <span class='ocrx_word' id='word_1_336' title='bbox 1041 4427 1194 4487; x_wconf 90' lang='lat' dir='ltr'><strong>nihil</strong></span> <span class='ocrx_word' id='word_1_337' title='bbox 1233 4433 1452 4491; x_wconf 86' lang='lat' dir='ltr'><strong>temere</strong></span> <span class='ocrx_word' id='word_1_338' title='bbox 1491 4432 1826 4509; x_wconf 88' lang='lat' dir='ltr'><strong>pronuntio.</strong></span> <span class='ocrx_word' id='word_1_339' title='bbox 1912 4433 2169 4495; x_wconf 83' lang='lat' dir='ltr'><strong>Gustum</strong></span> <span class='ocrx_word' id='word_1_340' title='bbox 2216 4435 2526 4512; x_wconf 87' lang='lat' dir='ltr'><strong>praebebit</strong></span> <span class='ocrx_word' id='word_1_341' title='bbox 2566 4437 2825 4499; x_wconf 82' lang='lat' dir='ltr'><strong>eruditis</strong></span> 
     </span>
     <span class='ocr_line' id='line_1_43' title="bbox 504 4509 2822 4597; baseline 0.006 -29"><span class='ocrx_word' id='word_1_342' title='bbox 504 4509 865 4590; x_wconf 88' lang='lat' dir='ltr'><strong>principium</strong></span> <span class='ocrx_word' id='word_1_343' title='bbox 931 4510 1145 4587; x_wconf 88' lang='lat' dir='ltr'><strong>operis,</strong></span> <span class='ocrx_word' id='word_1_344' title='bbox 1215 4511 1372 4590; x_wconf 90' lang='lat' dir='ltr'><strong>quod</strong></span> <span class='ocrx_word' id='word_1_345' title='bbox 1438 4513 1874 4576; x_wconf 84' lang='lat' dir='ltr'><strong>eruditissimus</strong></span> <span class='ocrx_word' id='word_1_346' title='bbox 1940 4516 2319 4594; x_wconf 83' lang='lat' dir='ltr'><strong>antiquitatis</strong></span> <span class='ocrx_word' id='word_1_347' title='bbox 2384 4517 2822 4597; x_wconf 79' lang='lat' dir='ltr'><strong>pervestigator</strong></span> 
     </span>
     <span class='ocr_line' id='line_1_44' title="bbox 505 4588 2823 4685; baseline 0.006 -36"><span class='ocrx_word' id='word_1_348' title='bbox 505 4593 761 4654; x_wconf 88' lang='lat' dir='ltr'><strong>Ioannes</strong></span> <span class='ocrx_word' id='word_1_349' title='bbox 801 4588 973 4669; x_wconf 86' lang='lat' dir='ltr'><strong>Bapt.</strong></span> <span class='ocrx_word' id='word_1_350' title='bbox 1017 4591 1245 4656; x_wconf 88' lang='lat' dir='ltr'><strong>Donius</strong></span> <span class='ocrx_word' id='word_1_351' title='bbox 1283 4613 1511 4656; x_wconf 89' lang='lat' dir='ltr'><strong>mecum</strong></span> <span class='ocrx_word' id='word_1_352' title='bbox 1552 4598 2042 4660; x_wconf 84' lang='lat' dir='ltr'><strong>communicavit:</strong></span> <span class='ocrx_word' id='word_1_353' title='bbox 2102 4603 2247 4672; x_wconf 77' lang='grc' dir='ltr'>μῆνιν</span> <span class='ocrx_word' id='word_1_354' title='bbox 2274 4600 2410 4658; x_wconf 72' lang='grc' dir='ltr'>ἄειδε</span> <span class='ocrx_word' id='word_1_355' title='bbox 2448 4597 2569 4685; x_wconf 77' lang='grc' dir='ltr'>θεά]</span> <span class='ocrx_word' id='word_1_356' title='bbox 2604 4605 2823 4675; x_wconf 74' lang='grc' dir='ltr'>ζητοῦσι</span> 
     </span>
    </p>
   </div>
  </div>
 </body>
</html>
